%% A %%

@misc{ADA2012,
  key = {ADA 2012},
  title = 	  {{Ada 2012}},
  howpublished = {\url{http://www.ada2012.org/}},
  year = 	  {2015}
}

@misc{APHOME,
  key = {AutoProof},
  title = 	  {{AutoProof}},
  howpublished = {\url{http://se.inf.ethz.ch/research/autoproof}},
  year = 	  {2015}
}

@misc{APTUTORIAL,
  key = {AutoProof Tutorial},
  title = 	  {{AutoProof Tutorial}},
  howpublished = {\url{http://se.inf.ethz.ch/research/autoproof/tutorial}},
  year = 	  {2015}
}

@misc{APMANUAL,
  key = {AutoProof Manual},
  title = 	  {{AutoProof Manual}},
  howpublished = {\url{http://se.inf.ethz.ch/research/autoproof/manual}},
  year = 	  {2015}
}

@misc{APREPO,
  key = {AutoProof Verified Code Repository},
  title = 	  {{AutoProof Verified Code Repository}},
  howpublished = {\url{http://se.inf.ethz.ch/research/autoproof/repo}},
  year = 	  {2015}
}

@misc{APCOMCOM,
  key = {AutoProof on Comcom},
  title = 	  {{AutoProof on Comcom}},
  howpublished = {\url{http://cloudstudio.ethz.ch/comcom/#AutoProof}},
  year = 	  {2015}
}

@misc{APRISE4FUN,
  key = {AutoProof on rise4fun},
  title = 	  {{AutoProof on rise4fun}},
  howpublished = {\url{http://rise4fun.com/AutoProof}},
  year = 	  {2015}
}

@misc{APE4PUBS,
  key = {AutoProof on e4pubs},
  title = 	  {{AutoProof on Eiffel 4 Pubs}},
  howpublished = {\url{http://cloudstudio.ethz.ch/e4pubs}},
  year = 	  {2015}
}

@misc{ACSL,
  key = {ACSL},
  title = 	  {{ACSL: ANSI/ISO C Specification Language}},
  howpublished = {\url{http://frama-c.com/acsl.html}},
  year = 	  {2015}
}

@inproceedings{ALBARGHOUTHI12,
  author    = {Aws Albarghouthi and
               Arie Gurfinkel and
               Marsha Chechik},
  title     = {Craig Interpretation},
  booktitle = {Static Analysis - 19th International Symposium, {SAS} 2012, Deauville,
               France, September 11-13, 2012. Proceedings},
  pages     = {300--316},
  year      = {2012},
  crossref  = {DBLP:conf/sas/2012},
  url       = {http://dx.doi.org/10.1007/978-3-642-33125-1_21},
  doi       = {10.1007/978-3-642-33125-1_21},
  timestamp = {Tue, 04 Sep 2012 09:29:51 +0200},
  biburl    = {http://dblp.uni-trier.de/rec/bib/conf/sas/AlbarghouthiGC12},
  bibsource = {dblp computer science bibliography, http://dblp.org}
}

@inproceedings{ALBARGHOUTHI12b,
  author    = {Aws Albarghouthi and
               Yi Li and
               Arie Gurfinkel and
               Marsha Chechik},
  title     = {Ufo: {A} Framework for Abstraction- and Interpolation-Based Software
               Verification},
  booktitle = {Computer Aided Verification - 24th International Conference, {CAV}
               2012, Berkeley, CA, USA, July 7-13, 2012 Proceedings},
  pages     = {672--678},
  year      = {2012},
  crossref  = {DBLP:conf/cav/2012},
  url       = {http://dx.doi.org/10.1007/978-3-642-31424-7_48},
  doi       = {10.1007/978-3-642-31424-7_48},
  timestamp = {Tue, 03 Jul 2012 08:52:37 +0200},
  biburl    = {http://dblp.uni-trier.de/rec/bib/conf/cav/AlbarghouthiLGC12},
  bibsource = {dblp computer science bibliography, http://dblp.org}
}

@inproceedings{ALBARGHOUTHI12c,
  author    = {Aws Albarghouthi and
               Arie Gurfinkel and
               Marsha Chechik},
  title     = {From Under-Approximations to Over-Approximations and Back},
  booktitle = {Tools and Algorithms for the Construction and Analysis of Systems
               - 18th International Conference, {TACAS} 2012, Held as Part of the
               European Joint Conferences on Theory and Practice of Software, {ETAPS}
               2012, Tallinn, Estonia, March 24 - April 1, 2012. Proceedings},
  pages     = {157--172},
  year      = {2012},
  crossref  = {DBLP:conf/tacas/2012},
  url       = {http://dx.doi.org/10.1007/978-3-642-28756-5_12},
  doi       = {10.1007/978-3-642-28756-5_12},
  timestamp = {Wed, 07 Jan 2015 18:21:20 +0100},
  biburl    = {http://dblp.uni-trier.de/rec/bib/conf/tacas/AlbarghouthiGC12},
  bibsource = {dblp computer science bibliography, http://dblp.org}
}

@inproceedings{AHRENDT12,
  author    = {Wolfgang Ahrendt and
               Gordon J. Pace and
               Gerardo Schneider},
  title     = {A Unified Approach for Static and Runtime Verification: Framework
               and Applications},
  booktitle = {Leveraging Applications of Formal Methods, Verification and Validation.
               Technologies for Mastering Change - 5th International Symposium, ISoLA
               2012, Heraklion, Crete, Greece, October 15-18, 2012, Proceedings,
               Part {I}},
  pages     = {312--326},
  year      = {2012},
  crossref  = {DBLP:conf/isola/2012-1},
  url       = {http://dx.doi.org/10.1007/978-3-642-34026-0_24},
  doi       = {10.1007/978-3-642-34026-0_24},
  timestamp = {Wed, 26 Sep 2012 15:55:00 +0200},
  biburl    = {http://dblp.uni-trier.de/rec/bib/conf/isola/AhrendtPS12},
  bibsource = {dblp computer science bibliography, http://dblp.org}
}

@article{AMEER07,
 author = {Armaly, Ameer},
 title = {{The D Programming Language}},
 journal = {Linux J.},
 issue_date = {March 2007},
 volume = {2007},
 number = {155},
 month = mar,
 year = {2007},
 issn = {1075-3583},
 url = {http://dl.acm.org/citation.cfm?id=1234292.1234301},
 acmid = {1234301},
 publisher = {Belltown Media},
 address = {Houston, TX},
} 

%% B %%

@inproceedings{BACON96,
  author    = {David F. Bacon and
               Peter F. Sweeney},
  title     = {Fast Static Analysis of {C++} Virtual Function Calls},
  booktitle = {Proceedings of the 1996 {ACM} {SIGPLAN} Conference on Object-Oriented
               Programming Systems, Languages {\&} Applications {(OOPSLA} '96),
               San Jose, California, October 6-10, 1996.},
  pages     = {324--341},
  year      = {1996},
  crossref  = {DBLP:conf/oopsla/1996},
  url       = {http://doi.acm.org/10.1145/236337.236371},
  doi       = {10.1145/236337.236371},
  timestamp = {Tue, 11 Jun 2013 10:05:12 +0200},
  biburl    = {http://dblp.uni-trier.de/rec/bib/conf/oopsla/BaconS96},
  bibsource = {dblp computer science bibliography, http://dblp.org}
}

@inproceedings{BALL02,
  author    = {Thomas Ball and
               Sriram K. Rajamani},
  title     = {The {SLAM} project: debugging system software via static analysis},
  booktitle = {Conference Record of {POPL} 2002: The 29th {SIGPLAN-SIGACT} Symposium
               on Principles of Programming Languages, Portland, OR, USA, January
               16-18, 2002},
  pages     = {1--3},
  year      = {2002},
  crossref  = {DBLP:conf/popl/2002},
  url       = {http://doi.acm.org/10.1145/503272.503274},
  doi       = {10.1145/503272.503274},
  timestamp = {Mon, 18 Mar 2013 08:38:35 +0100},
  biburl    = {http://dblp.uni-trier.de/rec/bib/conf/popl/BallR02},
  bibsource = {dblp computer science bibliography, http://dblp.org}
}

@book{BARNES03,
  author    = {John G. P. Barnes},
  title     = {High Integrity Software - The {SPARK} Approach to Safety and Security},
  publisher = {Addison-Wesley},
  year      = {2003},
  url       = {http://www.addison-wesley.de/main/main.asp?page=englisch/bookdetails&ProductID=88293},
  isbn      = {978-0-321-13616-9},
  timestamp = {Fri, 08 Apr 2011 18:20:58 +0200},
  biburl    = {http://dblp.uni-trier.de/rec/bib/books/daglib/0024303},
  bibsource = {dblp computer science bibliography, http://dblp.org}
}

@inproceedings{BARNETT04,
  author    = {Michael Barnett and
               David A. Naumann},
  title     = {Friends Need a Bit More: Maintaining Invariants Over Shared State},
  booktitle = {Mathematics of Program Construction, 7th International Conference,
               {MPC} 2004, Stirling, Scotland, UK, July 12-14, 2004, Proceedings},
  pages     = {54--84},
  year      = {2004},
  crossref  = {DBLP:conf/mpc/2004},
  url       = {http://dx.doi.org/10.1007/978-3-540-27764-4_5},
  doi       = {10.1007/978-3-540-27764-4_5},
  timestamp = {Thu, 07 Jul 2011 15:49:02 +0200},
  biburl    = {http://dblp.uni-trier.de/rec/bib/conf/mpc/BarnettN04},
  bibsource = {dblp computer science bibliography, http://dblp.org}
}

@inproceedings{BARNETT05,
    author = {Barnett, Mike and K. Rustan M. Leino and Schulte, Wolfram  },
    title = {The {S}pec\# Programming System: An Overview},
    booktitle = {CASSIS},
    pages = {49--69},
    publisher = {Springer},
    series = {LNCS},
    url = {http://www.springerlink.com/content/0m789xre652nuv06},
    volume = {3362},
    year = {2004}
}

@inproceedings{BARNETT05b,
  author    = {Michael Barnett and
               Bor{-}Yuh Evan Chang and
               Robert DeLine and
               Bart Jacobs and
               K. Rustan M. Leino},
  title     = {Boogie: {A} Modular Reusable Verifier for Object-Oriented Programs},
  booktitle = {Formal Methods for Components and Objects, 4th International Symposium,
               {FMCO} 2005, Amsterdam, The Netherlands, November 1-4, 2005, Revised
               Lectures},
  pages     = {364--387},
  year      = {2005},
  crossref  = {DBLP:conf/fmco/2005},
  url       = {http://dx.doi.org/10.1007/11804192_17},
  doi       = {10.1007/11804192_17},
  timestamp = {Mon, 16 Jul 2007 08:34:49 +0200},
  biburl    = {http://dblp.uni-trier.de/rec/bib/conf/fmco/BarnettCDJL05},
  bibsource = {dblp computer science bibliography, http://dblp.org}
}

@Inproceedings {BARNETT10,
  author    = {Manuel F{\"{a}}hndrich and
               Michael Barnett and
               Francesco Logozzo},
  title     = {Embedded contract languages},
  booktitle = {Proceedings of the 2010 {ACM} Symposium on Applied Computing (SAC),
               Sierre, Switzerland, March 22-26, 2010},
  pages     = {2103--2110},
  year      = {2010},
  crossref  = {DBLP:conf/sac/2010},
  url       = {http://doi.acm.org/10.1145/1774088.1774531},
  doi       = {10.1145/1774088.1774531},
  timestamp = {Sun, 25 Apr 2010 18:52:38 +0200},
  biburl    = {http://dblp.uni-trier.de/rec/bib/conf/sac/FahndrichBL10},
  bibsource = {dblp computer science bibliography, http://dblp.org}
}

@article{BARNETT11,
  author    = {Mike Barnett and
               Manuel F{\"{a}}hndrich and
               K. Rustan M. Leino and
               Peter M{\"{u}}ller and
               Wolfram Schulte and
               Herman Venter},
  title     = {Specification and verification: the Spec{\#} experience},
  journal   = {Commun. {ACM}},
  volume    = {54},
  number    = {6},
  pages     = {81--91},
  year      = {2011},
  url       = {http://doi.acm.org/10.1145/1953122.1953145},
  doi       = {10.1145/1953122.1953145},
  timestamp = {Wed, 01 Oct 2014 13:31:09 +0200},
  biburl    = {http://dblp.uni-trier.de/rec/bib/journals/cacm/BarnettFLMSV11},
  bibsource = {dblp computer science bibliography, http://dblp.org}
}

@inproceedings{BARRETT07,
  author    = {Clark Barrett and
               Cesare Tinelli},
  title     = {{CVC3}},
  booktitle = {Computer Aided Verification, 19th International Conference, {CAV}
               2007, Berlin, Germany, July 3-7, 2007, Proceedings},
  pages     = {298--302},
  year      = {2007},
  crossref  = {DBLP:conf/cav/2007},
  url       = {http://dx.doi.org/10.1007/978-3-540-73368-3_34},
  doi       = {10.1007/978-3-540-73368-3_34},
  timestamp = {Mon, 03 Sep 2007 13:24:22 +0200},
  biburl    = {http://dblp.uni-trier.de/rec/bib/conf/cav/BarrettT07},
  bibsource = {dblp computer science bibliography, http://dblp.org}
}

@Book{BECKERT07,
   editor =        {Bernhard Beckert and Reiner H{\"a}hnle and Peter H. Schmitt},
   title =         {Verification of Object-Oriented Software: The {KeY} Approach},
   series        = {LNCS},
   publisher     = {Springer},
   volume = {4334},
   year          = {2007},
   url = {\url{http://www.key-project.org/}}
}

@article{BEYER07,
  author    = {Dirk Beyer and
               Thomas A. Henzinger and
               Ranjit Jhala and
               Rupak Majumdar},
  title     = {The software model checker Blast},
  journal   = {{STTT}},
  volume    = {9},
  number    = {5-6},
  pages     = {505--525},
  year      = {2007},
  url       = {http://dx.doi.org/10.1007/s10009-007-0044-z},
  doi       = {10.1007/s10009-007-0044-z},
  timestamp = {Thu, 11 Dec 2014 17:22:43 +0100},
  biburl    = {http://dblp.uni-trier.de/rec/bib/journals/sttt/BeyerHJM07},
  bibsource = {dblp computer science bibliography, http://dblp.org}
}

@inproceedings{BIERE99,
  author    = {Armin Biere and
               Alessandro Cimatti and
               Edmund M. Clarke and
               Yunshan Zhu},
  title     = {Symbolic Model Checking without BDDs},
  booktitle = {Tools and Algorithms for Construction and Analysis of Systems, 5th
               International Conference, {TACAS} '99, Held as Part of the European
               Joint Conferences on the Theory and Practice of Software, ETAPS'99,
               Amsterdam, The Netherlands, March 22-28, 1999, Proceedings},
  pages     = {193--207},
  year      = {1999},
  crossref  = {DBLP:conf/tacas/1999},
  url       = {http://dx.doi.org/10.1007/3-540-49059-0_14},
  doi       = {10.1007/3-540-49059-0_14},
  timestamp = {Fri, 17 Jun 2011 14:14:03 +0200},
  biburl    = {http://dblp.uni-trier.de/rec/bib/conf/tacas/BiereCCZ99},
  bibsource = {dblp computer science bibliography, http://dblp.org}
}

@article{BIERE03,
  author    = {Armin Biere and
               Alessandro Cimatti and
               Edmund M. Clarke and
               Ofer Strichman and
               Yunshan Zhu},
  title     = {Bounded model checking},
  journal   = {Advances in Computers},
  volume    = {58},
  pages     = {117--148},
  year      = {2003},
  url       = {http://dx.doi.org/10.1016/S0065-2458(03)58003-2},
  doi       = {10.1016/S0065-2458(03)58003-2},
  timestamp = {Tue, 29 Nov 2011 17:54:04 +0100},
  biburl    = {http://dblp.uni-trier.de/rec/bib/journals/ac/BiereCCSZ03},
  bibsource = {dblp computer science bibliography, http://dblp.org}
}

@misc{BLOCH06,
    author = {Joshua Bloch},
    title = {\url{http://goo.gl/sWLty}},
    year = {2006}
}

@inproceedings{BOBOT11,
  author = {Fran\c{c}ois Bobot and Jean-Christophe Filli{\^a}tre and Claude March{\'e} and Andrei Paskevich},
  title = {{Why3}: Shepherd Your Herd of Provers},
  booktitle = {Boogie},
  year = 2011,
  pages = {53--64},
}

@inproceedings{BORMER11,
  author    = {Thorsten Bormer and
               Marc Brockschmidt and
               Dino Distefano and
               Gidon Ernst and
               Jean{-}Christophe Filli{\^{a}}tre and
               Radu Grigore and
               Marieke Huisman and
               Vladimir Klebanov and
               Claude March{\'{e}} and
               Rosemary Monahan and
               Wojciech Mostowski and
               Nadia Polikarpova and
               Christoph Scheben and
               Gerhard Schellhorn and
               Bogdan Tofan and
               Julian Tschannen and
               Mattias Ulbrich},
  title     = {The {COST} {IC0701} Verification Competition 2011},
  booktitle = {Formal Verification of Object-Oriented Software - International Conference,
               FoVeOOS 2011, Turin, Italy, October 5-7, 2011, Revised Selected Papers},
  pages     = {3--21},
  year      = {2011},
  crossref  = {DBLP:conf/foveoos/2011},
  url       = {http://dx.doi.org/10.1007/978-3-642-31762-0_2},
  doi       = {10.1007/978-3-642-31762-0_2},
  timestamp = {Wed, 18 Jul 2012 14:58:31 +0200},
  biburl    = {http://dblp.uni-trier.de/rec/bib/conf/foveoos/BormerBDEFGHKMMMPSSTTU11},
  bibsource = {dblp computer science bibliography, http://dblp.org}
}

@inproceedings{BRITO10,
  author    = {Eduardo Brito and
               Jorge Sousa Pinto},
  title     = {Program Verification in {SPARK} and {ACSL:} {A} Comparative Case Study},
  booktitle = {Reliable Software Technologiey - Ada-Europe 2010, 15th Ada-Europe
               International Conference on Reliable Software Technologies, Valencia,
               Spain, June 14-18, 2010. Proceedings},
  pages     = {97--110},
  year      = {2010},
  crossref  = {DBLP:conf/adaEurope/2010},
  url       = {http://dx.doi.org/10.1007/978-3-642-13550-7_7},
  doi       = {10.1007/978-3-642-13550-7_7},
  timestamp = {Tue, 29 Jun 2010 14:05:47 +0200},
  biburl    = {http://dblp.uni-trier.de/rec/bib/conf/adaEurope/BritoP10},
  bibsource = {dblp computer science bibliography, http://dblp.org}
}

%% C %%

@article{CADAR08,
  author    = {Cristian Cadar and
               Vijay Ganesh and
               Peter M. Pawlowski and
               David L. Dill and
               Dawson R. Engler},
  title     = {{EXE:} Automatically Generating Inputs of Death},
  journal   = {{ACM} Trans. Inf. Syst. Secur.},
  volume    = {12},
  number    = {2},
  year      = {2008},
  url       = {http://doi.acm.org/10.1145/1455518.1455522},
  doi       = {10.1145/1455518.1455522},
  timestamp = {Mon, 15 Dec 2008 09:58:19 +0100},
  biburl    = {http://dblp.uni-trier.de/rec/bib/journals/tissec/CadarGPDE08},
  bibsource = {dblp computer science bibliography, http://dblp.org}
}

@article{CHANG05,
  author    = {Bor{-}Yuh Evan Chang and
               K. Rustan M. Leino},
  title     = {Inferring Object Invariants: Extended Abstract},
  journal   = {Electr. Notes Theor. Comput. Sci.},
  volume    = {131},
  pages     = {63--74},
  year      = {2005},
  url       = {http://dx.doi.org/10.1016/j.entcs.2005.01.023},
  doi       = {10.1016/j.entcs.2005.01.023},
  timestamp = {Fri, 16 Dec 2005 13:18:11 +0100},
  biburl    = {http://dblp.uni-trier.de/rec/bib/journals/entcs/ChangRL05},
  bibsource = {dblp computer science bibliography, http://dblp.org}
}

@inproceedings{CHALIN06,
  author    = {Patrice Chalin and
               Joseph R. Kiniry and
               Gary T. Leavens and
               Erik Poll},
  title     = {Beyond Assertions: Advanced Specification and Verification with {JML}
               and ESC/Java2},
  booktitle = {Formal Methods for Components and Objects, 4th International Symposium,
               {FMCO} 2005, Amsterdam, The Netherlands, November 1-4, 2005, Revised
               Lectures},
  pages     = {342--363},
  year      = {2005},
  crossref  = {DBLP:conf/fmco/2005},
  url       = {http://dx.doi.org/10.1007/11804192_16},
  doi       = {10.1007/11804192_16},
  timestamp = {Fri, 15 Dec 2006 15:37:51 +0100},
  biburl    = {http://dblp.uni-trier.de/rec/bib/conf/fmco/ChalinKLP05},
  bibsource = {dblp computer science bibliography, http://dblp.org}
}

@inproceedings{CHALIN06b,
  author    = {Patrice Chalin},
  title     = {Are Practitioners Writing Contracts?},
  booktitle = {Rigorous Development of Complex Fault-Tolerant Systems {[FP6} {IST-511599}
               {RODIN} project]},
  pages     = {100--113},
  year      = {2006},
  crossref  = {DBLP:conf/rodin/2006},
  url       = {http://dx.doi.org/10.1007/11916246_5},
  doi       = {10.1007/11916246_5},
  timestamp = {Thu, 29 May 2008 20:48:46 +0200},
  biburl    = {http://dblp.uni-trier.de/rec/bib/conf/rodin/Chalin06},
  bibsource = {dblp computer science bibliography, http://dblp.org}
}

%inproceedings{CHECHIK05,
%  author    = {Marsha Chechik and
%               Arie Gurfinkel},
%  title     = {Model-Checking Software Using Precise Abstractions},
%  booktitle = {Verified Software: Theories, Tools, Experiments, First {IFIP} {TC}
%               2/WG 2.3 Conference, {VSTTE} 2005, Zurich, Switzerland, October 10-13,
%               2005, Revised Selected Papers and Discussions},
%  pages     = {347--353},
%  year      = {2005},
%  crossref  = {DBLP:conf/vstte/2005},
%  url       = {http://dx.doi.org/10.1007/978-3-540-69149-5_37},
%  doi       = {10.1007/978-3-540-69149-5_37},
%  timestamp = {Thu, 22 Jan 2009 15:27:54 +0100},
%  biburl    = {http://dblp.uni-trier.de/rec/bib/conf/vstte/ChechikG05},
%  bibsource = {dblp computer science bibliography, http://dblp.org}
%}

@inproceedings{CLARKE81,
  author    = {Edmund M. Clarke and
               E. Allen Emerson},
  title     = {Design and Synthesis of Synchronization Skeletons Using Branching-Time
               Temporal Logic},
  booktitle = {Logics of Programs, Workshop, Yorktown Heights, New York, May 1981},
  pages     = {52--71},
  year      = {1981},
  crossref  = {DBLP:conf/lop/1981},
  url       = {http://dx.doi.org/10.1007/BFb0025774},
  doi       = {10.1007/BFb0025774},
  timestamp = {Fri, 10 Jun 2011 14:41:11 +0200},
  biburl    = {http://dblp.uni-trier.de/rec/bib/conf/lop/ClarkeE81},
  bibsource = {dblp computer science bibliography, http://dblp.org}
}

@article{CLARKE03,
  author    = {Edmund M. Clarke and
               Orna Grumberg and
               Somesh Jha and
               Yuan Lu and
               Helmut Veith},
  title     = {Counterexample-guided abstraction refinement for symbolic model checking},
  journal   = {J. {ACM}},
  volume    = {50},
  number    = {5},
  pages     = {752--794},
  year      = {2003},
  url       = {http://doi.acm.org/10.1145/876638.876643},
  doi       = {10.1145/876638.876643},
  timestamp = {Thu, 09 Feb 2006 13:34:10 +0100},
  biburl    = {http://dblp.uni-trier.de/rec/bib/journals/jacm/ClarkeGJLV03},
  bibsource = {dblp computer science bibliography, http://dblp.org}
}


@inproceedings{CHRISTAKIS12,
  author    = {Maria Christakis and
               Peter M{\"{u}}ller and
               Valentin W{\"{u}}stholz},
  title     = {Collaborative Verification and Testing with Explicit Assumptions},
  booktitle = {{FM} 2012: Formal Methods - 18th International Symposium, Paris, France,
               August 27-31, 2012. Proceedings},
  pages     = {132--146},
  year      = {2012},
  crossref  = {DBLP:conf/fm/2012},
  url       = {http://dx.doi.org/10.1007/978-3-642-32759-9_13},
  doi       = {10.1007/978-3-642-32759-9_13},
  timestamp = {Wed, 01 Oct 2014 13:31:09 +0200},
  biburl    = {http://dblp.uni-trier.de/rec/bib/conf/fm/ChristakisMW12},
  bibsource = {dblp computer science bibliography, http://dblp.org}
}

@inproceedings{CHRISTAKIS15,
  author    = {Maria Christakis and
               Peter M{\"{u}}ller and
               Valentin W{\"{u}}stholz},
  title     = {An Experimental Evaluation of Deliberate Unsoundness in a Static Program
               Analyzer},
  booktitle = {Verification, Model Checking, and Abstract Interpretation - 16th International
               Conference, {VMCAI} 2015, Mumbai, India, January 12-14, 2015. Proceedings},
  pages     = {336--354},
  year      = {2015},
  crossref  = {DBLP:conf/vmcai/2015},
  url       = {http://dx.doi.org/10.1007/978-3-662-46081-8_19},
  doi       = {10.1007/978-3-662-46081-8_19},
  timestamp = {Fri, 12 Dec 2014 12:30:11 +0100},
  biburl    = {http://dblp.uni-trier.de/rec/bib/conf/vmcai/Christakis0W15},
  bibsource = {dblp computer science bibliography, http://dblp.org}
}

@inproceedings{COHEN09,
  author    = {Ernie Cohen and
               Markus Dahlweid and
               Mark A. Hillebrand and
               Dirk Leinenbach and
               Michal Moskal and
               Thomas Santen and
               Wolfram Schulte and
               Stephan Tobies},
  title     = {{VCC:} {A} Practical System for Verifying Concurrent {C}},
  booktitle = {Theorem Proving in Higher Order Logics, 22nd International Conference,
               TPHOLs 2009, Munich, Germany, August 17-20, 2009. Proceedings},
  pages     = {23--42},
  year      = {2009},
  crossref  = {DBLP:conf/tphol/2009},
  url       = {http://dx.doi.org/10.1007/978-3-642-03359-9_2},
  doi       = {10.1007/978-3-642-03359-9_2},
  timestamp = {Thu, 03 Sep 2009 22:14:13 +0200},
  biburl    = {http://dblp.uni-trier.de/rec/bib/conf/tphol/CohenDHLMSST09},
  bibsource = {dblp computer science bibliography, http://dblp.org}
}

@inproceedings{COK05,
  author    = {David R. Cok and
               Joseph Kiniry},
  title     = {ESC/Java2: Uniting ESC/Java and {JML}},
  booktitle = {Construction and Analysis of Safe, Secure, and Interoperable Smart
               Devices, International Workshop, {CASSIS} 2004, Marseille, France,
               March 10-14, 2004, Revised Selected Papers},
  pages     = {108--128},
  year      = {2004},
  crossref  = {DBLP:conf/cassis/2004},
  url       = {http://dx.doi.org/10.1007/978-3-540-30569-9_6},
  doi       = {10.1007/978-3-540-30569-9_6},
  timestamp = {Fri, 22 Nov 2013 12:57:22 +0100},
  biburl    = {http://dblp.uni-trier.de/rec/bib/conf/cassis/CokK04},
  bibsource = {dblp computer science bibliography, http://dblp.org}
}

@TechReport{COK08,
  author =                {David R. Cok and Joseph R. Kiniry and Dermot Cochran},
  title =                 {{ESC/Java2} Implementation Notes},
  institution =  {Kind Software},
  year =                  {2008},
  month =         {October},
}

@incollection{COK11,
  title     = {The {OpenJML} Toolset},
  author    = {David R. Cok},
  year      = {2011},
  booktitle = {NASA Formal Methods},
  volume    = {6617},
}

@Book{CORMEN09,
  author    = {Thomas H. Cormen and
               Charles E. Leiserson and
               Ronald L. Rivest and
               Clifford Stein},
  title     = {Introduction to Algorithms {(3.} ed.)},
  publisher = {{MIT} Press},
  year      = {2009},
  url       = {http://mitpress.mit.edu/books/introduction-algorithms},
  isbn      = {978-0-262-03384-8},
  timestamp = {Wed, 31 Dec 2014 12:30:10 +0100},
  biburl    = {http://dblp.uni-trier.de/rec/bib/books/daglib/0023376},
  bibsource = {dblp computer science bibliography, http://dblp.org}
}

@incollection{CORRENSON12,
  author    = {Lo{\"{\i}}c Correnson and
               Julien Signoles},
  title     = {Combining Analyses for {C} Program Verification},
  booktitle = {Formal Methods for Industrial Critical Systems - 17th International
               Workshop, {FMICS} 2012, Paris, France, August 27-28, 2012. Proceedings},
  pages     = {108--130},
  year      = {2012},
  crossref  = {DBLP:conf/fmics/2012},
  url       = {http://dx.doi.org/10.1007/978-3-642-32469-7_8},
  doi       = {10.1007/978-3-642-32469-7_8},
  timestamp = {Sat, 22 Sep 2012 19:25:57 +0200},
  biburl    = {http://dblp.uni-trier.de/rec/bib/conf/fmics/CorrensonS12},
  bibsource = {dblp computer science bibliography, http://dblp.org}
}

@inproceedings{COUSOT77,
  author    = {Patrick Cousot and
               Radhia Cousot},
  title     = {Abstract Interpretation: {A} Unified Lattice Model for Static Analysis
               of Programs by Construction or Approximation of Fixpoints},
  booktitle = {Conference Record of the Fourth {ACM} Symposium on Principles of Programming
               Languages, Los Angeles, California, USA, January 1977},
  pages     = {238--252},
  year      = {1977},
  crossref  = {DBLP:conf/popl/77},
  url       = {http://doi.acm.org/10.1145/512950.512973},
  doi       = {10.1145/512950.512973},
  timestamp = {Mon, 21 May 2012 16:19:51 +0200},
  biburl    = {http://dblp.uni-trier.de/rec/bib/conf/popl/CousotC77},
  bibsource = {dblp computer science bibliography, http://dblp.org}
}

@inproceedings{COUSOT79,
  author    = {Patrick Cousot and
               Radhia Cousot},
  title     = {Systematic Design of Program Analysis Frameworks},
  booktitle = {Conference Record of the Sixth Annual {ACM} Symposium on Principles
               of Programming Languages, San Antonio, Texas, USA, January 1979},
  pages     = {269--282},
  year      = {1979},
  crossref  = {DBLP:conf/popl/79},
  url       = {http://doi.acm.org/10.1145/567752.567778},
  doi       = {10.1145/567752.567778},
  timestamp = {Mon, 21 May 2012 16:19:51 +0200},
  biburl    = {http://dblp.uni-trier.de/rec/bib/conf/popl/CousotC79},
  bibsource = {dblp computer science bibliography, http://dblp.org}
}

@inproceedings{COUSOT11,
  author    = {Patrick Cousot and
               Radhia Cousot and
               Francesco Logozzo},
  title     = {Precondition Inference from Intermittent Assertions and Application
               to Contracts on Collections},
  booktitle = {Verification, Model Checking, and Abstract Interpretation - 12th International
               Conference, {VMCAI} 2011, Austin, TX, USA, January 23-25, 2011. Proceedings},
  pages     = {150--168},
  year      = {2011},
  crossref  = {DBLP:conf/vmcai/2011},
  url       = {http://dx.doi.org/10.1007/978-3-642-18275-4_12},
  doi       = {10.1007/978-3-642-18275-4_12},
  timestamp = {Tue, 15 Feb 2011 15:04:41 +0100},
  biburl    = {http://dblp.uni-trier.de/rec/bib/conf/vmcai/CousotCL11},
  bibsource = {dblp computer science bibliography, http://dblp.org}
}

@inproceedings{COUSOT13,
  author    = {Patrick Cousot and
               Radhia Cousot and
               Manuel F{\"{a}}hndrich and
               Francesco Logozzo},
  title     = {Automatic Inference of Necessary Preconditions},
  booktitle = {Verification, Model Checking, and Abstract Interpretation, 14th International
               Conference, {VMCAI} 2013, Rome, Italy, January 20-22, 2013. Proceedings},
  pages     = {128--148},
  year      = {2013},
  crossref  = {DBLP:conf/vmcai/2013},
  url       = {http://dx.doi.org/10.1007/978-3-642-35873-9_10},
  doi       = {10.1007/978-3-642-35873-9_10},
  timestamp = {Fri, 25 Jan 2013 09:43:18 +0100},
  biburl    = {http://dblp.uni-trier.de/rec/bib/conf/vmcai/CousotCFL13},
  bibsource = {dblp computer science bibliography, http://dblp.org}
}

@misc{COQ,
  key = {Coq},
  title = 	  {{The Coq Development Team}},
  howpublished = {\url{https://coq.inria.fr/}},
  year = 	  {2015}
}

@article{CRAIG57,
  author    = {William Craig},
  title     = {Three Uses of the Herbrand-Gentzen Theorem in Relating Model Theory
               and Proof Theory},
  journal   = {J. Symb. Log.},
  volume    = {22},
  number    = {3},
  pages     = {269--285},
  year      = {1957},
  url       = {http://dx.doi.org/10.2307/2963594},
  doi       = {10.2307/2963594},
  timestamp = {Tue, 05 Aug 2014 16:36:12 +0200},
  biburl    = {http://dblp.uni-trier.de/rec/bib/journals/jsyml/Craig57a},
  bibsource = {dblp computer science bibliography, http://dblp.org}
}

@article{CSALLNER08,
  author    = {Christoph Csallner and
               Yannis Smaragdakis and
               Tao Xie},
  title     = {DSD-Crasher: {A} hybrid analysis tool for bug finding},
  journal   = {{ACM} Trans. Softw. Eng. Methodol.},
  volume    = {17},
  number    = {2},
  year      = {2008},
  url       = {http://doi.acm.org/10.1145/1348250.1348254},
  doi       = {10.1145/1348250.1348254},
  timestamp = {Mon, 05 May 2008 10:44:00 +0200},
  biburl    = {http://dblp.uni-trier.de/rec/bib/journals/tosem/CsallnerSX08},
  bibsource = {dblp computer science bibliography, http://dblp.org}
}

@inproceedings{CUOQ12,
  author    = {Pascal Cuoq and
               Florent Kirchner and
               Nikolai Kosmatov and
               Virgile Prevosto and
               Julien Signoles and
               Boris Yakobowski},
  title     = {Frama-C - {A} Software Analysis Perspective},
  booktitle = {Software Engineering and Formal Methods - 10th International Conference,
               {SEFM} 2012, Thessaloniki, Greece, October 1-5, 2012. Proceedings},
  pages     = {233--247},
  year      = {2012},
  crossref  = {DBLP:conf/sefm/2012},
  url       = {http://dx.doi.org/10.1007/978-3-642-33826-7_16},
  doi       = {10.1007/978-3-642-33826-7_16},
  timestamp = {Wed, 26 Sep 2012 16:11:11 +0200},
  biburl    = {http://dblp.uni-trier.de/rec/bib/conf/sefm/CuoqKKPSY12},
  bibsource = {dblp computer science bibliography, http://dblp.org}
}

%% D %%

@inproceedings{DARVAS07,
  author    = {{\'{A}}d{\'{a}}m Darvas and
               K. Rustan M. Leino},
  title     = {Practical Reasoning About Invocations and Implementations of Pure
               Methods},
  booktitle = {Fundamental Approaches to Software Engineering, 10th International
               Conference, {FASE} 2007, Held as Part of the Joint European Conferences,
               on Theory and Practice of Software, {ETAPS} 2007, Braga, Portugal,
               March 24 - April 1, 2007, Proceedings},
  pages     = {336--351},
  year      = {2007},
  crossref  = {DBLP:conf/fase/2007},
  url       = {http://dx.doi.org/10.1007/978-3-540-71289-3_26},
  doi       = {10.1007/978-3-540-71289-3_26},
  timestamp = {Wed, 25 Jul 2007 15:54:32 +0200},
  biburl    = {http://dblp.uni-trier.de/rec/bib/conf/fase/DarvasL07},
  bibsource = {dblp computer science bibliography, http://dblp.org}
}

@article{DETLEFS05,
  author    = {David Detlefs and
               Greg Nelson and
               James B. Saxe},
  title     = {Simplify: a theorem prover for program checking},
  journal   = {J. {ACM}},
  volume    = {52},
  number    = {3},
  pages     = {365--473},
  year      = {2005},
  url       = {http://doi.acm.org/10.1145/1066100.1066102},
  doi       = {10.1145/1066100.1066102},
  timestamp = {Thu, 09 Feb 2006 13:34:10 +0100},
  biburl    = {http://dblp.uni-trier.de/rec/bib/journals/jacm/DetlefsNS05},
  bibsource = {dblp computer science bibliography, http://dblp.org}
}

@Book{DIJKSTRA76,
  author    = {Edsger W. Dijkstra},
  title     = {A Discipline of Programming},
  publisher = {Prentice-Hall},
  year      = {1976},
  timestamp = {Thu, 03 Jan 2002 11:51:39 +0100},
  biburl    = {http://dblp.uni-trier.de/rec/bib/books/ph/Dijkstra76},
  bibsource = {dblp computer science bibliography, http://dblp.org}
}

@inproceedings{DISTEFANO08,
  author    = {Dino Distefano and
               Matthew J. Parkinson},
  title     = {jStar: towards practical verification for java},
  booktitle = {Proceedings of the 23rd Annual {ACM} {SIGPLAN} Conference on Object-Oriented
               Programming, Systems, Languages, and Applications, {OOPSLA} 2008,
               October 19-23, 2008, Nashville, TN, {USA}},
  pages     = {213--226},
  year      = {2008},
  crossref  = {DBLP:conf/oopsla/2008},
  url       = {http://doi.acm.org/10.1145/1449764.1449782},
  doi       = {10.1145/1449764.1449782},
  timestamp = {Mon, 27 Oct 2008 11:12:10 +0100},
  biburl    = {http://dblp.uni-trier.de/rec/bib/conf/oopsla/DistefanoP08},
  bibsource = {dblp computer science bibliography, http://dblp.org}
}

%% E %%

@book{ECMA367,
  author = {{ECMA International}},
  edition = {2nd},
  month = {June},
  title = {Standard ECMA-367 - Eiffel: Analysis, Design and Programming Language},
  url = {http://www.ecma-international.org/publications/standards/Ecma-367.htm},
  year = {2006}
}



@misc{EIFFELSTUDIO,
  key = {EiffelStudio},
  title = 	  {{EiffelStudio IDE}},
  howpublished = {\url{http://dev.eiffel.com/}},
  year = 	  {2015}
}

@Article{ERNST01,
  author    = {Michael D. Ernst and
               Jake Cockrell and
               William G. Griswold and
               David Notkin},
  title     = {Dynamically Discovering Likely Program Invariants to Support Program
               Evolution},
  journal   = {{IEEE} Trans. Software Eng.},
  volume    = {27},
  number    = {2},
  pages     = {99--123},
  year      = {2001},
  url       = {http://doi.ieeecomputersociety.org/10.1109/32.908957},
  doi       = {10.1109/32.908957},
  timestamp = {Mon, 07 Nov 2011 16:59:24 +0100},
  biburl    = {http://dblp.uni-trier.de/rec/bib/journals/tse/ErnstCGN01},
  bibsource = {dblp computer science bibliography, http://dblp.org}
}

@article{ERNST07,
  author    = {Michael D. Ernst and
               Jeff H. Perkins and
               Philip J. Guo and
               Stephen McCamant and
               Carlos Pacheco and
               Matthew S. Tschantz and
               Chen Xiao},
  title     = {The Daikon system for dynamic detection of likely invariants},
  journal   = {Sci. Comput. Program.},
  volume    = {69},
  number    = {1-3},
  pages     = {35--45},
  year      = {2007},
  url       = {http://dx.doi.org/10.1016/j.scico.2007.01.015},
  doi       = {10.1016/j.scico.2007.01.015},
  timestamp = {Mon, 31 Dec 2007 15:45:39 +0100},
  biburl    = {http://dblp.uni-trier.de/rec/bib/journals/scp/ErnstPGMPTX07},
  bibsource = {dblp computer science bibliography, http://dblp.org}
}

@inproceedings{ERNST10,
  author    = {Michael D. Ernst},
  title     = {How Tests and Proofs Impede One Another: The Need for Always-On Static
               and Dynamic Feedback},
  booktitle = {Tests and Proofs, 4th International Conference, {TAP} 2010, M{\'{a}}laga,
               Spain, July 1-2, 2010. Proceedings},
  pages     = {1--2},
  year      = {2010},
  crossref  = {DBLP:conf/tap/2010},
  url       = {http://dx.doi.org/10.1007/978-3-642-13977-2_1},
  doi       = {10.1007/978-3-642-13977-2_1},
  timestamp = {Mon, 05 Jul 2010 09:10:34 +0200},
  biburl    = {http://dblp.uni-trier.de/rec/bib/conf/tap/Ernst10},
  bibsource = {dblp computer science bibliography, http://dblp.org}
}

@InProceedings{ESTLER14,
  author    = {H.{-}Christian Estler and
               Carlo A. Furia and
               Martin Nordio and
               Marco Piccioni and
               Bertrand Meyer},
  title     = {Contracts in Practice},
  booktitle = {{FM} 2014: Formal Methods - 19th International Symposium, Singapore,
               May 12-16, 2014. Proceedings},
  pages     = {230--246},
  year      = {2014},
  crossref  = {DBLP:conf/fm/2014},
  url       = {http://dx.doi.org/10.1007/978-3-319-06410-9_17},
  doi       = {10.1007/978-3-319-06410-9_17},
  timestamp = {Wed, 14 May 2014 21:14:55 +0200},
  biburl    = {http://dblp.uni-trier.de/rec/bib/conf/fm/EstlerFNPM14},
  bibsource = {dblp computer science bibliography, http://dblp.org}
}

@misc{EVE,
  key = {EVE},
  title = 	  {{Eiffel Verification Environment (EVE)}},
  howpublished = {\url{http://se.inf.ethz.ch/research/eve/}},
  year = 	  {2015}
}

%% F %%

@Misc{FIDE14,
  key          = {FIDE14},
  title        = {{First Workshop on Formal-IDE}},
  howpublished = {\url{http://perso.ensta-paristech.fr/~etaps/}},
  month        = {April},
  year         = {2014},
}

@inproceedings{FAEHNDRICH10,
  author    = {Manuel F{\"{a}}hndrich and
               Francesco Logozzo},
  title     = {Static Contract Checking with Abstract Interpretation},
  booktitle = {Formal Verification of Object-Oriented Software - International Conference,
               FoVeOOS 2010, Paris, France, June 28-30, 2010, Revised Selected Papers},
  pages     = {10--30},
  year      = {2010},
  crossref  = {DBLP:conf/foveoos/2010},
  url       = {http://dx.doi.org/10.1007/978-3-642-18070-5_2},
  doi       = {10.1007/978-3-642-18070-5_2},
  timestamp = {Mon, 16 May 2011 17:33:38 +0200},
  biburl    = {http://dblp.uni-trier.de/rec/bib/conf/foveoos/FahndrichL10},
  bibsource = {dblp computer science bibliography, http://dblp.org}
}

@inproceedings{FILLIATRE07,
  author    = {Jean{-}Christophe Filli{\^{a}}tre and
               Claude March{\'{e}}},
  title     = {The Why/Krakatoa/Caduceus Platform for Deductive Program Verification},
  booktitle = {Computer Aided Verification, 19th International Conference, {CAV}
               2007, Berlin, Germany, July 3-7, 2007, Proceedings},
  pages     = {173--177},
  year      = {2007},
  crossref  = {DBLP:conf/cav/2007},
  url       = {http://dx.doi.org/10.1007/978-3-540-73368-3_21},
  doi       = {10.1007/978-3-540-73368-3_21},
  timestamp = {Mon, 03 Sep 2007 13:24:22 +0200},
  biburl    = {http://dblp.uni-trier.de/rec/bib/conf/cav/FilliatreM07},
  bibsource = {dblp computer science bibliography, http://dblp.org}
}

@inproceedings{FILLIATRE12,
  author    = {Jean{-}Christophe Filli{\^{a}}tre and
               Andrei Paskevich and
               Aaron Stump},
  title     = {The 2nd Verified Software Competition: Experience Report},
  booktitle = {Proceedings of the 1st International Workshop on Comparative Empirical
               Evaluation of Reasoning Systems, Manchester, United Kingdom, June
               30, 2012},
  pages     = {36--49},
  year      = {2012},
  crossref  = {DBLP:conf/cade/2012compare},
  url       = {http://ceur-ws.org/Vol-873/papers/paper_6.pdf},
  timestamp = {Wed, 19 Sep 2012 18:57:43 +0200},
  biburl    = {http://dblp.uni-trier.de/rec/bib/conf/cade/FilliatrePS12},
  bibsource = {dblp computer science bibliography, http://dblp.org}
}

@inproceedings{FILLIATRE13,
  author    = {Jean{-}Christophe Filli{\^{a}}tre and
               Andrei Paskevich},
  title     = {Why3 - Where Programs Meet Provers},
  booktitle = {Programming Languages and Systems - 22nd European Symposium on Programming,
               {ESOP} 2013, Held as Part of the European Joint Conferences on Theory
               and Practice of Software, {ETAPS} 2013, Rome, Italy, March 16-24,
               2013. Proceedings},
  pages     = {125--128},
  year      = {2013},
  crossref  = {DBLP:conf/esop/2013},
  url       = {http://dx.doi.org/10.1007/978-3-642-37036-6_8},
  doi       = {10.1007/978-3-642-37036-6_8},
  timestamp = {Mon, 18 Feb 2013 15:03:29 +0100},
  biburl    = {http://dblp.uni-trier.de/rec/bib/conf/esop/FilliatreP13},
  bibsource = {dblp computer science bibliography, http://dblp.org}
}

@inproceedings{FILLIATRE14,
  author    = {Jean{-}Christophe Filli{\^{a}}tre and
               L{\'{e}}on Gondelman and
               Andrei Paskevich},
  title     = {The Spirit of Ghost Code},
  booktitle = {Computer Aided Verification - 26th International Conference, {CAV}
               2014, Held as Part of the Vienna Summer of Logic, {VSL} 2014, Vienna,
               Austria, July 18-22, 2014. Proceedings},
  pages     = {1--16},
  year      = {2014},
  crossref  = {DBLP:conf/cav/2014},
  url       = {http://dx.doi.org/10.1007/978-3-319-08867-9_1},
  doi       = {10.1007/978-3-319-08867-9_1},
  timestamp = {Mon, 30 Jun 2014 11:31:20 +0200},
  biburl    = {http://dblp.uni-trier.de/rec/bib/conf/cav/FilliatreGP14},
  bibsource = {dblp computer science bibliography, http://dblp.org}
}

@InProceedings{FLANAGAN02,
  author    = {Cormac Flanagan and
               K. Rustan M. Leino and
               Mark Lillibridge and
               Greg Nelson and
               James B. Saxe and
               Raymie Stata},
  title     = {Extended Static Checking for Java},
  booktitle = {Proceedings of the 2002 {ACM} {SIGPLAN} Conference on Programming
               Language Design and Implementation (PLDI), Berlin, Germany, June 17-19,
               2002},
  pages     = {234--245},
  year      = {2002},
  crossref  = {DBLP:conf/pldi/2002},
  url       = {http://doi.acm.org/10.1145/512529.512558},
  doi       = {10.1145/512529.512558},
  timestamp = {Mon, 21 May 2012 16:19:53 +0200},
  biburl    = {http://dblp.uni-trier.de/rec/bib/conf/pldi/FlanaganLLNSS02},
  bibsource = {dblp computer science bibliography, http://dblp.org}
}

@Misc{FRASER10,
  key = 		  {TAP},
  title = 	  {International Conference on Tests and Proofs},
  howpublished = {Springer LNCS},
  year = 	  {2007--2010},
}

@InProceedings{FURIA10,
  author    = {Carlo A. Furia and
               Bertrand Meyer},
  title     = {Inferring Loop Invariants Using Postconditions},
  booktitle = {Fields of Logic and Computation, Essays Dedicated to Yuri Gurevich
               on the Occasion of His 70th Birthday},
  pages     = {277--300},
  year      = {2010},
  crossref  = {DBLP:conf/birthday/2010gurevich},
  url       = {http://dx.doi.org/10.1007/978-3-642-15025-8_15},
  doi       = {10.1007/978-3-642-15025-8_15},
  timestamp = {Fri, 20 Aug 2010 10:02:15 +0200},
  biburl    = {http://dblp.uni-trier.de/rec/bib/conf/birthday/FuriaM10},
  bibsource = {dblp computer science bibliography, http://dblp.org}
}

@Misc{FURIA14,
  author = {Carlo A. Furia},
  title = {Rotation of Sequences: Algorithms and Proofs},
  howpublished = {\url{http://arxiv.org/abs/1406.5453}},
  month = {June},
  year = {2014}
}

@inproceedings{FURIA15,
  author    = {Carlo A. Furia and
               Chris Poskitt and
               Julian Tschannen},
  title     = {{The AutoProof Verifier: Usability by Non-Experts and on Standard Code}},
  booktitle = {Proceedings of 2nd Workshop on Formal Integrated Development Environment,
               {F-IDE} 2015, Oslo, Norway, June 22, 2015.},
  year      = {2015},
}

@misc{FXCOP,
  key = {FXCOP},
  title = 	  {{FxCop}},
  howpublished = {\url{http://msdn.microsoft.com/en-us/library/bb429476.aspx}},
  year = 	  {2015}
}

%% G %%

@book{GAMMA95,
 author = {Erich Gamma and Richard Helm and Ralph Johnson and John Vlissides},
 title = {Design Patterns},
 year = {1995},
 publisher = {Addison-Wesley},
}

@inproceedings{GODEFROID05,
  author    = {Patrice Godefroid and
               Nils Klarlund and
               Koushik Sen},
  title     = {{DART:} directed automated random testing},
  booktitle = {Proceedings of the {ACM} {SIGPLAN} 2005 Conference on Programming
               Language Design and Implementation, Chicago, IL, USA, June 12-15,
               2005},
  pages     = {213--223},
  year      = {2005},
  crossref  = {DBLP:conf/pldi/2005},
  url       = {http://doi.acm.org/10.1145/1065010.1065036},
  doi       = {10.1145/1065010.1065036},
  timestamp = {Wed, 15 Feb 2006 09:46:31 +0100},
  biburl    = {http://dblp.uni-trier.de/rec/bib/conf/pldi/GodefroidKS05},
  bibsource = {dblp computer science bibliography, http://dblp.org}
}

@inproceedings{GOUES11,
  author    = {Claire Le Goues and
               K. Rustan M. Leino and
               Michal Moskal},
  title     = {The Boogie Verification Debugger (Tool Paper)},
  booktitle = {Software Engineering and Formal Methods - 9th International Conference,
               {SEFM} 2011, Montevideo, Uruguay, November 14-18, 2011. Proceedings},
  pages     = {407--414},
  year      = {2011},
  crossref  = {DBLP:conf/sefm/2011},
  url       = {http://dx.doi.org/10.1007/978-3-642-24690-6_28},
  doi       = {10.1007/978-3-642-24690-6_28},
  timestamp = {Tue, 25 Oct 2011 12:58:41 +0200},
  biburl    = {http://dblp.uni-trier.de/rec/bib/conf/sefm/GouesLM11},
  bibsource = {dblp computer science bibliography, http://dblp.org}
}

@inproceedings{GRAF97,
  author    = {Susanne Graf and
               Hassen Sa{\"{\i}}di},
  title     = {Construction of Abstract State Graphs with {PVS}},
  booktitle = {Computer Aided Verification, 9th International Conference, {CAV} '97,
               Haifa, Israel, June 22-25, 1997, Proceedings},
  pages     = {72--83},
  year      = {1997},
  crossref  = {DBLP:conf/cav/1997},
  url       = {http://dx.doi.org/10.1007/3-540-63166-6_10},
  doi       = {10.1007/3-540-63166-6_10},
  timestamp = {Fri, 25 Sep 2009 10:07:36 +0200},
  biburl    = {http://dblp.uni-trier.de/rec/bib/conf/cav/GrafS97},
  bibsource = {dblp computer science bibliography, http://dblp.org}
}
 
%% H %%

@article{HOARE69,
  author    = {C. A. R. Hoare},
  title     = {An Axiomatic Basis for Computer Programming},
  journal   = {Commun. {ACM}},
  volume    = {12},
  number    = {10},
  pages     = {576--580},
  year      = {1969},
  url       = {http://doi.acm.org/10.1145/363235.363259},
  doi       = {10.1145/363235.363259},
  timestamp = {Thu, 20 Nov 2003 13:06:13 +0100},
  biburl    = {http://dblp.uni-trier.de/rec/bib/journals/cacm/Hoare69},
  bibsource = {dblp computer science bibliography, http://dblp.org}
}

@Misc{HUISMAN12,
  author = {Marieke Huisman and Vladimir Klebanov and Rosemary Monahan},
  title = 	  {{V}erify{T}his Verification Competition},
  howpublished = {\url{http://verifythis2012.cost-ic0701.org}},
  year = 	  {2012},
}

@MISC{HUNT02,
	author = {John Hunt}, 
 	 title = {Blackboard Architectures},
	 note = {JayDee Technology Ltd 27},
    year = {2002}
}

%% I %%

%% J %%

@inproceedings{JACOBS10,
  author    = {Bart Jacobs and
               Jan Smans and
               Frank Piessens},
  title     = {A Quick Tour of the VeriFast Program Verifier},
  booktitle = {Programming Languages and Systems - 8th Asian Symposium, {APLAS} 2010,
               Shanghai, China, November 28 - December 1, 2010. Proceedings},
  pages     = {304--311},
  year      = {2010},
  crossref  = {DBLP:conf/aplas/2010},
  url       = {http://dx.doi.org/10.1007/978-3-642-17164-2_21},
  doi       = {10.1007/978-3-642-17164-2_21},
  timestamp = {Mon, 02 Dec 2013 10:51:48 +0100},
  biburl    = {http://dblp.uni-trier.de/rec/bib/conf/aplas/JacobsSP10},
  bibsource = {dblp computer science bibliography, http://dblp.org}
}

@article{JAMES10,
  author    = {Perry R. James and
               Patrice Chalin},
  title     = {Faster and More Complete Extended Static Checking for the Java Modeling
               Language},
  journal   = {J. Autom. Reasoning},
  volume    = {44},
  number    = {1-2},
  pages     = {145--174},
  year      = {2010},
  url       = {http://dx.doi.org/10.1007/s10817-009-9134-9},
  doi       = {10.1007/s10817-009-9134-9},
  timestamp = {Tue, 15 Dec 2009 14:21:07 +0100},
  biburl    = {http://dblp.uni-trier.de/rec/bib/journals/jar/JamesC10},
  bibsource = {dblp computer science bibliography, http://dblp.org}
}

%% K %%

@inproceedings{KASSIOS06,
  author    = {Ioannis T. Kassios},
  title     = {Dynamic Frames: Support for Framing, Dependencies and Sharing Without
               Restrictions},
  booktitle = {{FM} 2006: Formal Methods, 14th International Symposium on Formal
               Methods, Hamilton, Canada, August 21-27, 2006, Proceedings},
  pages     = {268--283},
  year      = {2006},
  crossref  = {DBLP:conf/fm/2006},
  url       = {http://dx.doi.org/10.1007/11813040_19},
  doi       = {10.1007/11813040_19},
  timestamp = {Tue, 22 Aug 2006 14:47:47 +0200},
  biburl    = {http://dblp.uni-trier.de/rec/bib/conf/fm/Kassios06},
  bibsource = {dblp computer science bibliography, http://dblp.org}
}

@inproceedings{KINIRY06,
 author = {Kiniry, Joseph R. and Morkan, Alan E. and Denby, Barry},
 title = {Soundness and completeness warnings in {ESC/Java2}},
 booktitle = {SAVCBS},
  pages={19--24},
  year={2006},
  organization={ACM}
}

@inproceedings{KINIRY07,
  author    = {Joseph R. Kiniry and
               Alan E. Morkan and
               Dermot Cochran and
               Fintan Fairmichael and
               Patrice Chalin and
               Martijn Oostdijk and
               Engelbert Hubbers},
  title     = {The {KOA} Remote Voting System: {A} Summary of Work to Date},
  booktitle = {Trustworthy Global Computing, Second Symposium, {TGC} 2006, Lucca,
               Italy, November 7-9, 2006, Revised Selected Papers},
  pages     = {244--262},
  year      = {2006},
  crossref  = {DBLP:conf/tgc/2006},
  url       = {http://dx.doi.org/10.1007/978-3-540-75336-0_16},
  doi       = {10.1007/978-3-540-75336-0_16},
  timestamp = {Thu, 29 Nov 2007 13:03:45 +0100},
  biburl    = {http://dblp.uni-trier.de/rec/bib/conf/tgc/KiniryMCFCOH06},
  bibsource = {dblp computer science bibliography, http://dblp.org}
}

@inproceedings{KLEBANOV11,
  author    = {Vladimir Klebanov and
               Peter M{\"{u}}ller and
               Natarajan Shankar and
               Gary T. Leavens and
               Valentin W{\"{u}}stholz and
               Eyad Alkassar and
               Rob Arthan and
               Derek Bronish and
               Rod Chapman and
               Ernie Cohen and
               Mark A. Hillebrand and
               Bart Jacobs and
               K. Rustan M. Leino and
               Rosemary Monahan and
               Frank Piessens and
               Nadia Polikarpova and
               Tom Ridge and
               Jan Smans and
               Stephan Tobies and
               Thomas Tuerk and
               Mattias Ulbrich and
               Benjamin Wei{\ss}},
  title     = {The 1st Verified Software Competition: Experience Report},
  booktitle = {{FM} 2011: Formal Methods - 17th International Symposium on Formal
               Methods, Limerick, Ireland, June 20-24, 2011. Proceedings},
  pages     = {154--168},
  year      = {2011},
  crossref  = {DBLP:conf/fm/2011},
  url       = {http://dx.doi.org/10.1007/978-3-642-21437-0_14},
  doi       = {10.1007/978-3-642-21437-0_14},
  timestamp = {Tue, 02 Dec 2014 14:02:24 +0100},
  biburl    = {http://dblp.uni-trier.de/rec/bib/conf/fm/KlebanovMSLWAABCCHJLMPPRSTTUW11},
  bibsource = {dblp computer science bibliography, http://dblp.org}
}

@book{KNUTH11,
    author = {Knuth, Donald E.},
    publisher = {Addison-Wesley},
    title = {The Art of Computer Programming},
    year = {2011}
}

@InProceedings{KOVACS09,
  author    = {Laura Kov{\'{a}}cs and
               Andrei Voronkov},
  title     = {Finding Loop Invariants for Programs over Arrays Using a Theorem Prover},
  booktitle = {Fundamental Approaches to Software Engineering, 12th International
               Conference, {FASE} 2009, Held as Part of the Joint European Conferences
               on Theory and Practice of Software, {ETAPS} 2009, York, UK, March
               22-29, 2009. Proceedings},
  pages     = {470--485},
  year      = {2009},
  crossref  = {DBLP:conf/fase/2009},
  url       = {http://dx.doi.org/10.1007/978-3-642-00593-0_33},
  doi       = {10.1007/978-3-642-00593-0_33},
  timestamp = {Wed, 01 Apr 2009 14:41:55 +0200},
  biburl    = {http://dblp.uni-trier.de/rec/bib/conf/fase/KovacsV09},
  bibsource = {dblp computer science bibliography, http://dblp.org}
}

%% L %%

@inproceedings{LATTNER04,
  author    = {Chris Lattner and
               Vikram S. Adve},
  title     = {{LLVM:} {A} Compilation Framework for Lifelong Program Analysis {\&}
               Transformation},
  booktitle = {2nd {IEEE} / {ACM} International Symposium on Code Generation and
               Optimization {(CGO} 2004), 20-24 March 2004, San Jose, CA, {USA}},
  pages     = {75--88},
  year      = {2004},
  crossref  = {DBLP:conf/cgo/2004},
  url       = {http://doi.ieeecomputersociety.org/10.1109/CGO.2004.1281665},
  doi       = {10.1109/CGO.2004.1281665},
  timestamp = {Wed, 26 Oct 2011 12:00:24 +0200},
  biburl    = {http://dblp.uni-trier.de/rec/bib/conf/cgo/LattnerA04},
  bibsource = {dblp computer science bibliography, http://dblp.org}
}

@article{LEAVENS05,
  author    = {Gary T. Leavens and
               Yoonsik Cheon and
               Curtis Clifton and
               Clyde Ruby and
               David R. Cok},
  title     = {How the Design of {JML} Accomodates Both Runtime Assertion Checking
               and Formal Verification},
  booktitle = {Formal Methods for Components and Objects, First International Symposium,
               {FMCO} 2002, Leiden, The Netherlands, November 5-8, 2002, Revised
               Lectures},
  pages     = {262--284},
  year      = {2002},
  crossref  = {DBLP:conf/fmco/2002},
  url       = {http://dx.doi.org/10.1007/978-3-540-39656-7_11},
  doi       = {10.1007/978-3-540-39656-7_11},
  timestamp = {Tue, 05 Jul 2011 17:30:40 +0200},
  biburl    = {http://dblp.uni-trier.de/rec/bib/conf/fmco/LeavensCCRC02},
  bibsource = {dblp computer science bibliography, http://dblp.org}
}

@article{LEAVENS07,
  author    = {Gary T. Leavens and
               K. Rustan M. Leino and
               Peter M{\"{u}}ller},
  title     = {Specification and verification challenges for sequential object-oriented
               programs},
  journal   = {Formal Asp. Comput.},
  volume    = {19},
  number    = {2},
  pages     = {159--189},
  year      = {2007},
  url       = {http://dx.doi.org/10.1007/s00165-007-0026-7},
  doi       = {10.1007/s00165-007-0026-7},
  timestamp = {Wed, 01 Oct 2014 13:31:09 +0200},
  biburl    = {http://dblp.uni-trier.de/rec/bib/journals/fac/LeavensLM07},
  bibsource = {dblp computer science bibliography, http://dblp.org}
}

@inproceedings{LEINO04,
  author    = {K. Rustan M. Leino and
               Peter M{\"{u}}ller},
  title     = {Object Invariants in Dynamic Contexts},
  booktitle = {{ECOOP} 2004 - Object-Oriented Programming, 18th European Conference,
               Oslo, Norway, June 14-18, 2004, Proceedings},
  pages     = {491--516},
  year      = {2004},
  crossref  = {DBLP:conf/ecoop/2004},
  url       = {http://dx.doi.org/10.1007/978-3-540-24851-4_22},
  doi       = {10.1007/978-3-540-24851-4_22},
  timestamp = {Wed, 01 Oct 2014 13:31:09 +0200},
  biburl    = {http://dblp.uni-trier.de/rec/bib/conf/ecoop/LeinoM04},
  bibsource = {dblp computer science bibliography, http://dblp.org}
}

@inproceedings{LEINO04b,
  author    = {K. Rustan M. Leino and
               Wolfram Schulte},
  title     = {Exception Safety for C{\#}},
  booktitle = {2nd International Conference on Software Engineering and Formal Methods
               {(SEFM} 2004), 28-30 September 2004, Beijing, China},
  pages     = {218--227},
  year      = {2004},
  crossref  = {DBLP:conf/sefm/2004},
  url       = {http://doi.ieeecomputersociety.org/10.1109/SEFM.2004.14},
  doi       = {10.1109/SEFM.2004.14},
  timestamp = {Mon, 24 Jan 2005 12:15:39 +0100},
  biburl    = {http://dblp.uni-trier.de/rec/bib/conf/sefm/LeinoS04},
  bibsource = {dblp computer science bibliography, http://dblp.org}
}

% techreport not working?
@TechReport {LEINO08,
author       = {K. Rustan M. Leino},
month        = {June},
title        = {This is Boogie 2},
url          = {http://research.microsoft.com/apps/pubs/default.aspx?id=147643},
year         = {2008},
institution  = {Microsoft Research},
}


@inproceedings{LEINO08b,
  author    = {K. Rustan M. Leino and
               Peter M{\"{u}}ller},
  title     = {Verification of Equivalent-Results Methods},
  booktitle = {Programming Languages and Systems, 17th European Symposium on Programming,
               {ESOP} 2008, Held as Part of the Joint European Conferences on Theory
               and Practice of Software, {ETAPS} 2008, Budapest, Hungary, March 29-April
               6, 2008. Proceedings},
  pages     = {307--321},
  year      = {2008},
  crossref  = {DBLP:conf/esop/2008},
  url       = {http://dx.doi.org/10.1007/978-3-540-78739-6_24},
  doi       = {10.1007/978-3-540-78739-6_24},
  timestamp = {Wed, 01 Oct 2014 13:31:09 +0200},
  biburl    = {http://dblp.uni-trier.de/rec/bib/conf/esop/LeinoM08},
  bibsource = {dblp computer science bibliography, http://dblp.org}
}

@InProceedings{LEINO09,
  author    = {K. Rustan M. Leino and
               Rosemary Monahan},
  title     = {Reasoning about comprehensions with first-order {SMT} solvers},
  booktitle = {Proceedings of the 2009 {ACM} Symposium on Applied Computing (SAC),
               Honolulu, Hawaii, USA, March 9-12, 2009},
  pages     = {615--622},
  year      = {2009},
  crossref  = {DBLP:conf/sac/2009},
  url       = {http://doi.acm.org/10.1145/1529282.1529411},
  doi       = {10.1145/1529282.1529411},
  timestamp = {Fri, 17 Apr 2009 14:37:38 +0200},
  biburl    = {http://dblp.uni-trier.de/rec/bib/conf/sac/LeinoM09},
  bibsource = {dblp computer science bibliography, http://dblp.org}
}

@InProceedings{LEINO10,
  author    = {K. Rustan M. Leino},
  title     = {Dafny: An Automatic Program Verifier for Functional Correctness},
  booktitle = {Logic for Programming, Artificial Intelligence, and Reasoning - 16th
               International Conference, LPAR-16, Dakar, Senegal, April 25-May 1,
               2010, Revised Selected Papers},
  pages     = {348--370},
  year      = {2010},
  crossref  = {DBLP:conf/lpar/2010d},
  url       = {http://dx.doi.org/10.1007/978-3-642-17511-4_20},
  doi       = {10.1007/978-3-642-17511-4_20},
  timestamp = {Thu, 23 Dec 2010 12:42:49 +0100},
  biburl    = {http://dblp.uni-trier.de/rec/bib/conf/lpar/Leino10},
  bibsource = {dblp computer science bibliography, http://dblp.org}
}

@InCollection{LEINO10b,
  author    = {K. Rustan M. Leino and Micha{\l} Moskal},
  title     = {Usable Auto-Active Verification},
  booktitle = {Usable Verification Workshop},
  year      =	{2010},
  publisher =	{\url{http://fm.csl.sri.com/UV10/}},
}

@inproceedings{LEINO10c,
  author    = {K. Rustan M. Leino},
  title     = {Verifying Concurrent Programs with Chalice},
  booktitle = {Verification, Model Checking, and Abstract Interpretation, 11th International
               Conference, {VMCAI} 2010, Madrid, Spain, January 17-19, 2010. Proceedings},
  pages     = {2},
  year      = {2010},
  crossref  = {DBLP:conf/vmcai/2010},
  url       = {http://dx.doi.org/10.1007/978-3-642-11319-2_2},
  doi       = {10.1007/978-3-642-11319-2_2},
  timestamp = {Thu, 14 Jan 2010 11:02:54 +0100},
  biburl    = {http://dblp.uni-trier.de/rec/bib/conf/vmcai/Leino10},
  bibsource = {dblp computer science bibliography, http://dblp.org}
}

@inproceedings{LEINO14,
  author    = {K. Rustan M. Leino and
               Valentin W{\"{u}}stholz},
  title     = {The Dafny Integrated Development Environment},
  booktitle = {Proceedings 1st Workshop on Formal Integrated Development Environment,
               {F-IDE} 2014, Grenoble, France, April 6, 2014.},
  pages     = {3--15},
  year      = {2014},
  crossref  = {DBLP:journals/corr/DuboisGM14},
  url       = {http://dx.doi.org/10.4204/EPTCS.149.2},
  doi       = {10.4204/EPTCS.149.2},
  timestamp = {Fri, 02 May 2014 14:35:37 +0200},
  biburl    = {http://dblp.uni-trier.de/rec/bib/journals/corr/LeinoW14},
  bibsource = {dblp computer science bibliography, http://dblp.org}
}

@Inproceedings {LOGOZZO10,
  author    = {Francesco Logozzo and
               Herman Venter},
  title     = {{RATA:} Rapid Atomic Type Analysis by Abstract Interpretation - Application
               to JavaScript Optimization},
  booktitle = {Compiler Construction, 19th International Conference, {CC} 2010, Held
               as Part of the Joint European Conferences on Theory and Practice of
               Software, {ETAPS} 2010, Paphos, Cyprus, March 20-28, 2010. Proceedings},
  pages     = {66--83},
  year      = {2010},
  crossref  = {DBLP:conf/cc/2010},
  url       = {http://dx.doi.org/10.1007/978-3-642-11970-5_5},
  doi       = {10.1007/978-3-642-11970-5_5},
  timestamp = {Mon, 15 Mar 2010 20:05:10 +0100},
  biburl    = {http://dblp.uni-trier.de/rec/bib/conf/cc/LogozzoV10},
  bibsource = {dblp computer science bibliography, http://dblp.org}
}

@inproceedings{LOGOZZO12,
  author    = {Francesco Logozzo},
  title     = {Our Experience with the CodeContracts Static Checker - (Invited Tutorial)},
  booktitle = {Verified Software: Theories, Tools, Experiments - 4th International
               Conference, {VSTTE} 2012, Philadelphia, PA, USA, January 28-29, 2012.
               Proceedings},
  pages     = {241--242},
  year      = {2012},
  crossref  = {DBLP:conf/vstte/2012},
  url       = {http://dx.doi.org/10.1007/978-3-642-27705-4_19},
  doi       = {10.1007/978-3-642-27705-4_19},
  timestamp = {Wed, 01 Oct 2014 13:31:09 +0200},
  biburl    = {http://dblp.uni-trier.de/rec/bib/conf/vstte/Logozzo12},
  bibsource = {dblp computer science bibliography, http://dblp.org}
}

@inproceedings{LOGOZZO12b,
  author    = {Francesco Logozzo and
               Michael Barnett and
               Manuel F{\"{a}}hndrich and
               Patrick Cousot and
               Radhia Cousot},
  title     = {A semantic integrated development environment},
  booktitle = {Conference on Systems, Programming, and Applications: Software for
               Humanity, {SPLASH} '12, Tucson, AZ, USA, October 21-25, 2012},
  pages     = {15--16},
  year      = {2012},
  crossref  = {DBLP:conf/oopsla/2012s},
  url       = {http://doi.acm.org/10.1145/2384716.2384724},
  doi       = {10.1145/2384716.2384724},
  timestamp = {Fri, 19 Oct 2012 08:42:46 +0200},
  biburl    = {http://dblp.uni-trier.de/rec/bib/conf/oopsla/LogozzoBFCC12},
  bibsource = {dblp computer science bibliography, http://dblp.org}
}


%% M %%

@inproceedings{MARCHE05,
  author    = {Claude March{\'{e}} and
               Christine Paulin{-}Mohring},
  title     = {Reasoning About Java Programs with Aliasing and Frame Conditions},
  booktitle = {Theorem Proving in Higher Order Logics, 18th International Conference,
               TPHOLs 2005, Oxford, UK, August 22-25, 2005, Proceedings},
  pages     = {179--194},
  year      = {2005},
  crossref  = {DBLP:conf/tphol/2005},
  url       = {http://dx.doi.org/10.1007/11541868_12},
  doi       = {10.1007/11541868_12},
  timestamp = {Thu, 15 Sep 2005 14:56:48 +0200},
  biburl    = {http://dblp.uni-trier.de/rec/bib/conf/tphol/MarcheP05},
  bibsource = {dblp computer science bibliography, http://dblp.org}
}

@article{MEYER92,
  author    = {Bertrand Meyer},
  title     = {Applying "Design by Contract"},
  journal   = {{IEEE} Computer},
  volume    = {25},
  number    = {10},
  pages     = {40--51},
  year      = {1992},
  url       = {http://doi.ieeecomputersociety.org/10.1109/2.161279},
  doi       = {10.1109/2.161279},
  timestamp = {Thu, 27 Oct 2011 17:39:54 +0200},
  biburl    = {http://dblp.uni-trier.de/rec/bib/journals/computer/Meyer92},
  bibsource = {dblp computer science bibliography, http://dblp.org}
}

@book{MEYER97,
  author    = {Bertrand Meyer},
  title     = {Object-Oriented Software Construction, 2nd Edition},
  publisher = {Prentice-Hall},
  year      = {1997},
  isbn      = {0-13-629155-4},
  timestamp = {Tue, 16 Apr 2002 15:51:02 +0200},
  biburl    = {http://dblp.uni-trier.de/rec/bib/books/ph/Meyer97},
  bibsource = {dblp computer science bibliography, http://dblp.org}
}

@article{MEYER08,
  author    = {Bertrand Meyer},
  title     = {Seven Principles of Software Testing},
  journal   = {{IEEE} Computer},
  volume    = {41},
  number    = {8},
  pages     = {99--101},
  year      = {2008},
  url       = {http://dx.doi.org/10.1109/MC.2008.306},
  doi       = {10.1109/MC.2008.306},
  timestamp = {Mon, 18 May 2009 07:31:20 +0200},
  biburl    = {http://dblp.uni-trier.de/rec/bib/journals/computer/Meyer08},
  bibsource = {dblp computer science bibliography, http://dblp.org}
}

@ARTICLE{MEYER09,
  author    = {Bertrand Meyer and
               Arno Fiva and
               Ilinca Ciupa and
               Andreas Leitner and
               Yi Wei and
               Emmanuel Stapf},
  title     = {Programs That Test Themselves},
  journal   = {{IEEE} Computer},
  volume    = {42},
  number    = {9},
  pages     = {46--55},
  year      = {2009},
  url       = {http://doi.ieeecomputersociety.org/10.1109/MC.2009.296},
  doi       = {10.1109/MC.2009.296},
  timestamp = {Fri, 04 Dec 2009 15:26:11 +0100},
  biburl    = {http://dblp.uni-trier.de/rec/bib/journals/computer/MeyerFCLWS09},
  bibsource = {dblp computer science bibliography, http://dblp.org}
}

@InProceedings{MOSKAL11,
  author    = {Claire Le Goues and
               K. Rustan M. Leino and
               Michal Moskal},
  title     = {The Boogie Verification Debugger (Tool Paper)},
  booktitle = {Software Engineering and Formal Methods - 9th International Conference,
               {SEFM} 2011, Montevideo, Uruguay, November 14-18, 2011. Proceedings},
  pages     = {407--414},
  year      = {2011},
  crossref  = {DBLP:conf/sefm/2011},
  url       = {http://dx.doi.org/10.1007/978-3-642-24690-6_28},
  doi       = {10.1007/978-3-642-24690-6_28},
  timestamp = {Tue, 25 Oct 2011 12:58:41 +0200},
  biburl    = {http://dblp.uni-trier.de/rec/bib/conf/sefm/GouesLM11},
  bibsource = {dblp computer science bibliography, http://dblp.org}
}

@article{MORRIS84,
  author    = {F. Lockwood Morris and
               C. B. Jones},
  title     = {{An Early Program Proof by Alan Turing}},
  journal   = {{IEEE} Annals of the History of Computing},
  volume    = {6},
  number    = {2},
  pages     = {139--143},
  year      = {1984},
  url       = {http://doi.ieeecomputersociety.org/10.1109/MAHC.1984.10017},
  doi       = {10.1109/MAHC.1984.10017},
  timestamp = {Sat, 22 Dec 2012 18:55:53 +0100},
  biburl    = {http://dblp.uni-trier.de/rec/bib/journals/annals/MorrisJ84},
  bibsource = {dblp computer science bibliography, http://dblp.org}
}

@inproceedings{MOURA08,
  author    = {Leonardo Mendon{\c{c}}a de Moura and
               Nikolaj Bj{\o}rner},
  title     = {{Z3:} An Efficient {SMT} Solver},
  booktitle = {Tools and Algorithms for the Construction and Analysis of Systems,
               14th International Conference, {TACAS} 2008, Held as Part of the Joint
               European Conferences on Theory and Practice of Software, {ETAPS} 2008,
               Budapest, Hungary, March 29-April 6, 2008. Proceedings},
  pages     = {337--340},
  year      = {2008},
  crossref  = {DBLP:conf/tacas/2008},
  url       = {http://dx.doi.org/10.1007/978-3-540-78800-3_24},
  doi       = {10.1007/978-3-540-78800-3_24},
  timestamp = {Mon, 21 Apr 2008 11:13:32 +0200},
  biburl    = {http://dblp.uni-trier.de/rec/bib/conf/tacas/MouraB08},
  bibsource = {dblp computer science bibliography, http://dblp.org}
}

@book{MUELLER02,
  author    = {Peter M{\"{u}}ller},
  title     = {Modular Specification and Verification of Object-Oriented Programs},
  series    = {Lecture Notes in Computer Science},
  volume    = {2262},
  publisher = {Springer},
  year      = {2002},
  url       = {http://dx.doi.org/10.1007/3-540-45651-1},
  doi       = {10.1007/3-540-45651-1},
  isbn      = {3-540-43167-5},
  timestamp = {Wed, 01 Oct 2014 13:31:08 +0200},
  biburl    = {http://dblp.uni-trier.de/rec/bib/books/sp/Muller02},
  bibsource = {dblp computer science bibliography, http://dblp.org}
}

@inproceedings{MUELLER07,
  author    = {Peter M{\"{u}}ller and
               Martin Nordio},
  title     = {Proof-transforming compilation of programs with abrupt termination},
  booktitle = {Proceedings of the 2007 Conference Specification and Verification
               of Component-Based Systems, {SAVCBS} 2007, Dubrovnik, Croatia, September
               3-4, 2007},
  pages     = {39--46},
  year      = {2007},
  crossref  = {DBLP:conf/sigsoft/2007savcbs},
  url       = {http://doi.acm.org/10.1145/1292316.1292321},
  doi       = {10.1145/1292316.1292321},
  timestamp = {Wed, 01 Oct 2014 13:31:09 +0200},
  biburl    = {http://dblp.uni-trier.de/rec/bib/conf/sigsoft/MullerN07},
  bibsource = {dblp computer science bibliography, http://dblp.org}
}

@inproceedings{MUELLER09,
  author    = {Peter M{\"{u}}ller and
               Joseph N. Ruskiewicz},
  title     = {A Modular Verification Methodology for C{\#} Delegates},
  booktitle = {Rigorous Methods for Software Construction and Analysis, Essays Dedicated
               to Egon B{\"{o}}rger on the Occasion of His 60th Birthday},
  pages     = {187--203},
  year      = {2009},
  crossref  = {DBLP:conf/birthday/2009borger},
  url       = {http://dx.doi.org/10.1007/978-3-642-11447-2_12},
  doi       = {10.1007/978-3-642-11447-2_12},
  timestamp = {Wed, 01 Oct 2014 13:31:09 +0200},
  biburl    = {http://dblp.uni-trier.de/rec/bib/conf/birthday/MullerR09},
  bibsource = {dblp computer science bibliography, http://dblp.org}
}

%% N %%

@inproceedings{NAUMANN05,
  author    = {David A. Naumann},
  title     = {Observational Purity and Encapsulation},
  booktitle = {Fundamental Approaches to Software Engineering, 8th International
               Conference, {FASE} 2005, Held as Part of the Joint European Conferences
               on Theory and Practice of Software, {ETAPS} 2005, Edinburgh, UK, April
               4-8, 2005, Proceedings},
  pages     = {190--204},
  year      = {2005},
  crossref  = {DBLP:conf/fase/2005},
  url       = {http://dx.doi.org/10.1007/978-3-540-31984-9_15},
  doi       = {10.1007/978-3-540-31984-9_15},
  timestamp = {Mon, 08 Aug 2011 15:24:08 +0200},
  biburl    = {http://dblp.uni-trier.de/rec/bib/conf/fase/Naumann05},
  bibsource = {dblp computer science bibliography, http://dblp.org}
}

@phdthesis{NIENALTOWSKI07,
  author = {Piotr Nienaltowski and Bertrand Meyer},
  title = {{Practical framework for contract-based concurrent object-oriented programming}},
  school = {ETH Zurich, Switzerland}, 
  year = {2007},
  number = {17061}
}

@book{NIPKOW02,
  author    = {Tobias Nipkow and
               Lawrence C. Paulson and
               Markus Wenzel},
  title     = {Isabelle/HOL - {A} Proof Assistant for Higher-Order Logic},
  series    = {Lecture Notes in Computer Science},
  volume    = {2283},
  publisher = {Springer},
  year      = {2002},
  url       = {http://dx.doi.org/10.1007/3-540-45949-9},
  doi       = {10.1007/3-540-45949-9},
  isbn      = {3-540-43376-7},
  timestamp = {Mon, 27 Jun 2011 15:25:29 +0200},
  biburl    = {http://dblp.uni-trier.de/rec/bib/books/sp/NipkowPW02},
  bibsource = {dblp computer science bibliography, http://dblp.org}
}

@inproceedings{NORDIO08,
  author    = {Martin Nordio and
               Peter M{\"{u}}ller and
               Bertrand Meyer},
  title     = {Proof-Transforming Compilation of Eiffel Programs},
  booktitle = {Objects, Components, Models and Patterns, 46th International Conference,
               {TOOLS} {EUROPE} 2008, Zurich, Switzerland, June 30 - July 4, 2008.
               Proceedings},
  pages     = {316--335},
  year      = {2008},
  crossref  = {DBLP:conf/tools/46-2008},
  url       = {http://dx.doi.org/10.1007/978-3-540-69824-1_18},
  doi       = {10.1007/978-3-540-69824-1_18},
  timestamp = {Wed, 01 Oct 2014 13:31:09 +0200},
  biburl    = {http://dblp.uni-trier.de/rec/bib/conf/tools/NordioMM08},
  bibsource = {dblp computer science bibliography, http://dblp.org}
}

@phdthesis{NORDIO09, 
	author = {Martin Nordio}, 
	title = {Proofs and Proof Transformations for Object-Oriented Programs}, 
	school = {ETH Zurich, Switzerland}, 
	year = {2009}, 
	number = {18689}
}

@inproceedings{NORDIO09-2,
  author    = {Martin Nordio and
               Cristiano Calcagno and
               Peter M{\"{u}}ller and
               Bertrand Meyer},
  title     = {A Sound and Complete Program Logic for Eiffel},
  booktitle = {Objects, Components, Models and Patterns, 47th International Conference,
               {TOOLS} {EUROPE} 2009, Zurich, Switzerland, June 29-July 3, 2009.
               Proceedings},
  pages     = {195--214},
  year      = {2009},
  crossref  = {DBLP:conf/tools/47-2009},
  url       = {http://dx.doi.org/10.1007/978-3-642-02571-6_12},
  doi       = {10.1007/978-3-642-02571-6_12},
  timestamp = {Wed, 01 Oct 2014 13:31:09 +0200},
  biburl    = {http://dblp.uni-trier.de/rec/bib/conf/tools/NordioCMM09},
  bibsource = {dblp computer science bibliography, http://dblp.org}
}

@inproceedings{NORDIO10,
  author    = {Martin Nordio and
               Cristiano Calcagno and
               Bertrand Meyer and
               Peter M{\"{u}}ller and
               Julian Tschannen},
  title     = {Reasoning about Function Objects},
  booktitle = {Objects, Models, Components, Patterns, 48th International Conference,
               {TOOLS} 2010, M{\'{a}}laga, Spain, June 28 - July 2, 2010. Proceedings},
  pages     = {79--96},
  year      = {2010},
  crossref  = {DBLP:conf/tools/48-2010},
  url       = {http://dx.doi.org/10.1007/978-3-642-13953-6_5},
  doi       = {10.1007/978-3-642-13953-6_5},
  timestamp = {Wed, 01 Oct 2014 13:31:09 +0200},
  biburl    = {http://dblp.uni-trier.de/rec/bib/conf/tools/NordioCMMT10},
  bibsource = {dblp computer science bibliography, http://dblp.org}
}

@inproceedings{NORDIO13,
  author    = {Martin Nordio and
               Cristiano Calcagno and
               Carlo A. Furia},
  title     = {Javanni: {A} Verifier for JavaScript},
  booktitle = {Fundamental Approaches to Software Engineering - 16th International
               Conference, {FASE} 2013, Held as Part of the European Joint Conferences
               on Theory and Practice of Software, {ETAPS} 2013, Rome, Italy, March
               16-24, 2013. Proceedings},
  pages     = {231--234},
  year      = {2013},
  crossref  = {DBLP:conf/fase/2013},
  url       = {http://dx.doi.org/10.1007/978-3-642-37057-1_17},
  doi       = {10.1007/978-3-642-37057-1_17},
  timestamp = {Mon, 18 Feb 2013 14:56:22 +0100},
  biburl    = {http://dblp.uni-trier.de/rec/bib/conf/fase/NordioCF13},
  bibsource = {dblp computer science bibliography, http://dblp.org}
}

%% O %%

@misc{OPENJML,
  key = 		  {OpenJML},
  title = 	  {The {OpenJML} Toolset},
  howpublished = {\url{http://openjml.org/}},
  year = 	  {2015}
}

@inproceedings{OWRE92,
  author    = {Sam Owre and
               John M. Rushby and
               Natarajan Shankar},
  title     = {{PVS:} {A} Prototype Verification System},
  booktitle = {Automated Deduction - CADE-11, 11th International Conference on Automated
               Deduction, Saratoga Springs, NY, USA, June 15-18, 1992, Proceedings},
  pages     = {748--752},
  year      = {1992},
  crossref  = {DBLP:conf/cade/1992},
  url       = {http://dx.doi.org/10.1007/3-540-55602-8_217},
  doi       = {10.1007/3-540-55602-8_217},
  timestamp = {Mon, 12 Oct 2009 13:08:35 +0200},
  biburl    = {http://dblp.uni-trier.de/rec/bib/conf/cade/OwreRS92},
  bibsource = {dblp computer science bibliography, http://dblp.org}
}

%% P %%

@article{PATTERSON12,
  author    = {David Patterson},
  title     = {For better or worse, benchmarks shape a field: technical perspective},
  journal   = {Commun. {ACM}},
  volume    = {55},
  number    = {7},
  pages     = {104},
  year      = {2012},
  url       = {http://doi.acm.org/10.1145/2209249.2209271},
  doi       = {10.1145/2209249.2209271},
  timestamp = {Wed, 04 Jul 2012 08:55:52 +0200},
  biburl    = {http://dblp.uni-trier.de/rec/bib/journals/cacm/Patterson12},
  bibsource = {dblp computer science bibliography, http://dblp.org}
}

@InProceedings{PEI11,
  author    = {Yu Pei and
               Yi Wei and
               Carlo A. Furia and
               Martin Nordio and
               Bertrand Meyer},
  title     = {Code-based automated program fixing},
  booktitle = {26th {IEEE/ACM} International Conference on Automated Software Engineering
               {(ASE} 2011), Lawrence, KS, USA, November 6-10, 2011},
  pages     = {392--395},
  year      = {2011},
  crossref  = {DBLP:conf/kbse/2011},
  url       = {http://dx.doi.org/10.1109/ASE.2011.6100080},
  doi       = {10.1109/ASE.2011.6100080},
  timestamp = {Thu, 15 Nov 2012 08:02:10 +0100},
  biburl    = {http://dblp.uni-trier.de/rec/bib/conf/kbse/PeiWFNM11},
  bibsource = {dblp computer science bibliography, http://dblp.org}
}

@Article{PEI14,
  author    = {Yu Pei and
               Carlo A. Furia and
               Martin Nordio and
               Yi Wei and
               Bertrand Meyer and
               Andreas Zeller},
  title     = {Automated Fixing of Programs with Contracts},
  journal   = {{IEEE} Trans. Software Eng.},
  volume    = {40},
  number    = {5},
  pages     = {427--449},
  year      = {2014},
  url       = {http://doi.ieeecomputersociety.org/10.1109/TSE.2014.2312918},
  doi       = {10.1109/TSE.2014.2312918},
  timestamp = {Tue, 20 May 2014 16:27:27 +0200},
  biburl    = {http://dblp.uni-trier.de/rec/bib/journals/tse/0001FNWMZ14},
  bibsource = {dblp computer science bibliography, http://dblp.org}
}

@InProceedings{PEI15,
  author = {Yu Pei and Carlo A. Furia and Martin Nordio and Bertrand Meyer},
  title = {Automated Program Repair in an Integrated Development Environment},
  booktitle = {Companion Proceedings of the 37th International Conference on Software Engineering (ICSE)},
  year = {2015},
  month = {May},
  publisher = {ACM},
}

@misc{PMD,
  key = {PMD},
  title = 	  {{PMD}},
  howpublished = {\url{http://pmd.sourceforge.net/}},
  year = 	  {2015}
}

@inproceedings{POLIKARPOVA09,
  author    = {Nadia Polikarpova and
               Ilinca Ciupa and
               Bertrand Meyer},
  title     = {A comparative study of programmer-written and automatically inferred
               contracts},
  booktitle = {Proceedings of the Eighteenth International Symposium on Software
               Testing and Analysis, {ISSTA} 2009, Chicago, IL, USA, July 19-23,
               2009},
  pages     = {93--104},
  year      = {2009},
  crossref  = {DBLP:conf/issta/2009},
  url       = {http://doi.acm.org/10.1145/1572272.1572284},
  doi       = {10.1145/1572272.1572284},
  timestamp = {Mon, 02 Nov 2009 21:04:52 +0100},
  biburl    = {http://dblp.uni-trier.de/rec/bib/conf/issta/PolikarpovaCM09},
  bibsource = {dblp computer science bibliography, http://dblp.org}
}

@InProceedings{POLIKARPOVA10,
  author    = {Nadia Polikarpova and
               Carlo A. Furia and
               Bertrand Meyer},
  title     = {Specifying Reusable Components},
  booktitle = {Verified Software: Theories, Tools, Experiments, Third International
               Conference, {VSTTE} 2010, Edinburgh, UK, August 16-19, 2010. Proceedings},
  pages     = {127--141},
  year      = {2010},
  crossref  = {DBLP:conf/vstte/2010},
  url       = {http://dx.doi.org/10.1007/978-3-642-15057-9_9},
  doi       = {10.1007/978-3-642-15057-9_9},
  timestamp = {Tue, 07 Dec 2010 16:18:25 +0100},
  biburl    = {http://dblp.uni-trier.de/rec/bib/conf/vstte/PolikarpovaFM10},
  bibsource = {dblp computer science bibliography, http://dblp.org}
}

@InProceedings{POLIKARPOVA13,
  author    = {Nadia Polikarpova and
               Carlo A. Furia and
               Scott West},
  title     = {To Run What No One Has Run Before: Executing an Intermediate Verification
               Language},
  booktitle = {Runtime Verification - 4th International Conference, {RV} 2013, Rennes,
               France, September 24-27, 2013. Proceedings},
  pages     = {251--268},
  year      = {2013},
  crossref  = {DBLP:conf/rv/2013},
  url       = {http://dx.doi.org/10.1007/978-3-642-40787-1_15},
  doi       = {10.1007/978-3-642-40787-1_15},
  timestamp = {Fri, 20 Sep 2013 12:14:39 +0200},
  biburl    = {http://dblp.uni-trier.de/rec/bib/conf/rv/PolikarpovaFW13},
  bibsource = {dblp computer science bibliography, http://dblp.org}
}

@InProceedings{POLIKARPOVA14,
  author    = {Nadia Polikarpova and
               Julian Tschannen and
               Carlo A. Furia and
               Bertrand Meyer},
  title     = {Flexible Invariants through Semantic Collaboration},
  booktitle = {{FM} 2014: Formal Methods - 19th International Symposium, Singapore,
               May 12-16, 2014. Proceedings},
  pages     = {514--530},
  year      = {2014},
  crossref  = {DBLP:conf/fm/2014},
  url       = {http://dx.doi.org/10.1007/978-3-319-06410-9_35},
  doi       = {10.1007/978-3-319-06410-9_35},
  timestamp = {Wed, 14 May 2014 21:14:55 +0200},
  biburl    = {http://dblp.uni-trier.de/rec/bib/conf/fm/PolikarpovaTFM14},
  bibsource = {dblp computer science bibliography, http://dblp.org}
}

@InProceedings{POLIKARPOVA15,
  author = {Nadia Polikarpova and Julian Tschannen and Carlo A. Furia},
  title = {A Fully Verified Container Library},
  booktitle = {{FM} 2015: Formal Methods - 20th International Symposium, Oslo,
               June 24-26, 2015. Proceedings},
  year = {2015},
}

%% Q %%

%% R %%

@inproceedings{RAJAMANI09,
  author    = {Sriram K. Rajamani},
  title     = {Verification, Testing and Statistics},
  booktitle = {{FM} 2009: Formal Methods, Second World Congress, Eindhoven, The Netherlands,
               November 2-6, 2009. Proceedings},
  pages     = {33--40},
  year      = {2009},
  crossref  = {DBLP:conf/fm/2009},
  url       = {http://dx.doi.org/10.1007/978-3-642-05089-3_4},
  doi       = {10.1007/978-3-642-05089-3_4},
  timestamp = {Thu, 05 Nov 2009 14:17:14 +0100},
  biburl    = {http://dblp.uni-trier.de/rec/bib/conf/fm/Rajamani09},
  bibsource = {dblp computer science bibliography, http://dblp.org}
}

@inproceedings{REYNOLDS02,
  author    = {John C. Reynolds},
  title     = {Separation Logic: {A} Logic for Shared Mutable Data Structures},
  booktitle = {17th {IEEE} Symposium on Logic in Computer Science {(LICS} 2002),
               22-25 July 2002, Copenhagen, Denmark, Proceedings},
  pages     = {55--74},
  year      = {2002},
  crossref  = {DBLP:conf/lics/2002},
  url       = {http://dx.doi.org/10.1109/LICS.2002.1029817},
  doi       = {10.1109/LICS.2002.1029817},
  timestamp = {Sat, 22 Nov 2014 13:44:45 +0100},
  biburl    = {http://dblp.uni-trier.de/rec/bib/conf/lics/Reynolds02},
  bibsource = {dblp computer science bibliography, http://dblp.org}
}

%% S %%

@misc{SAVCBS,
  key = 		  {SAVCBS},
  title = 	  {{SAVCBS} Workshop Series},
  howpublished = {\url{http://www.eecs.ucf.edu/~leavens/SAVCBS/}},
  year = 	  {2010}
}

@inproceedings{SEN05,
  author    = {Koushik Sen and
               Darko Marinov and
               Gul Agha},
  title     = {{CUTE:} a concolic unit testing engine for {C}},
  booktitle = {Proceedings of the 10th European Software Engineering Conference held
               jointly with 13th {ACM} {SIGSOFT} International Symposium on Foundations
               of Software Engineering, 2005, Lisbon, Portugal, September 5-9, 2005},
  pages     = {263--272},
  year      = {2005},
  crossref  = {DBLP:conf/sigsoft/2005},
  url       = {http://doi.acm.org/10.1145/1081706.1081750},
  doi       = {10.1145/1081706.1081750},
  timestamp = {Wed, 15 Feb 2006 09:53:17 +0100},
  biburl    = {http://dblp.uni-trier.de/rec/bib/conf/sigsoft/SenMA05},
  bibsource = {dblp computer science bibliography, http://dblp.org}
}

@misc{SPARKPRO,
  key = {SPARK Pro},
  title = 	  {{SPARK Pro}},
  howpublished = {\url{http://www.adacore.com/sparkpro/}},
  year = 	  {2015}
}

@inproceedings{SUMMERS09,
  author = {Alexander J. Summers and Sophia Drossopoulou and Peter M\"{u}ller},
  title = {The need for flexible object invariants},
  booktitle = {IWACO},
  year = {2009},
  pages = {1--9},
  articleno = {6},
  publisher = {ACM},
}

@inproceedings{SUTER11,
  author    = {Philippe Suter and
               Ali Sinan K{\"{o}}ksal and
               Viktor Kuncak},
  title     = {Satisfiability Modulo Recursive Programs},
  booktitle = {Static Analysis - 18th International Symposium, {SAS} 2011, Venice,
               Italy, September 14-16, 2011. Proceedings},
  pages     = {298--315},
  year      = {2011},
  crossref  = {DBLP:conf/sas/2011},
  url       = {http://dx.doi.org/10.1007/978-3-642-23702-7_23},
  doi       = {10.1007/978-3-642-23702-7_23},
  timestamp = {Tue, 13 Sep 2011 19:16:36 +0200},
  biburl    = {http://dblp.uni-trier.de/rec/bib/conf/sas/SuterKK11},
  bibsource = {dblp computer science bibliography, http://dblp.org}
}

@misc{SVCOURSE14,
  key = {Software Verification},
  title =  {{Software Verification, ETH Zurich}},
  author = {Bertrand Meyer and Carlo A. Furia and Sebastian Nanz},
  howpublished = {\url{http://se.inf.ethz.ch/courses/2014b_fall/sv}},
  year = 	  {2015}
}

%% T %%

@inproceedings{TILLMANN05,
  author    = {Nikolai Tillmann and
               Wolfram Schulte},
  title     = {Parameterized unit tests},
  booktitle = {Proceedings of the 10th European Software Engineering Conference held
               jointly with 13th {ACM} {SIGSOFT} International Symposium on Foundations
               of Software Engineering, 2005, Lisbon, Portugal, September 5-9, 2005},
  pages     = {253--262},
  year      = {2005},
  crossref  = {DBLP:conf/sigsoft/2005},
  url       = {http://doi.acm.org/10.1145/1081706.1081749},
  doi       = {10.1145/1081706.1081749},
  timestamp = {Wed, 15 Feb 2006 09:53:17 +0100},
  biburl    = {http://dblp.uni-trier.de/rec/bib/conf/sigsoft/TillmannS05a},
  bibsource = {dblp computer science bibliography, http://dblp.org}
}

@INPROCEEDINGS{TILLMANN08,
  author    = {Nikolai Tillmann and
               Jonathan de Halleux},
  title     = {Pex-White Box Test Generation for .NET},
  booktitle = {Tests and Proofs, Second International Conference, {TAP} 2008, Prato,
               Italy, April 9-11, 2008. Proceedings},
  pages     = {134--153},
  year      = {2008},
  crossref  = {DBLP:conf/tap/2008},
  url       = {http://dx.doi.org/10.1007/978-3-540-79124-9_10},
  doi       = {10.1007/978-3-540-79124-9_10},
  timestamp = {Wed, 16 Apr 2008 08:33:45 +0200},
  biburl    = {http://dblp.uni-trier.de/rec/bib/conf/tap/TillmannH08},
  bibsource = {dblp computer science bibliography, http://dblp.org}
}

@Misc{TINELLI2011,
  author = 		{Cesare Tinelli},
  title = 	  {Formal Methods in Software Engineering},
  howpublished = {\url{http://www.divms.uiowa.edu/~tinelli/181/}},
  year = 	  {2011},
}

@InProceedings{TSCHANNEN11,
  author    = {Julian Tschannen and
               Carlo A. Furia and
               Martin Nordio and
               Bertrand Meyer},
  title     = {Usable Verification of Object-Oriented Programs by Combining Static
               and Dynamic Techniques},
  booktitle = {Software Engineering and Formal Methods - 9th International Conference,
               {SEFM} 2011, Montevideo, Uruguay, November 14-18, 2011. Proceedings},
  pages     = {382--398},
  year      = {2011},
  crossref  = {DBLP:conf/sefm/2011},
  url       = {http://dx.doi.org/10.1007/978-3-642-24690-6_26},
  doi       = {10.1007/978-3-642-24690-6_26},
  timestamp = {Tue, 25 Oct 2011 12:58:41 +0200},
  biburl    = {http://dblp.uni-trier.de/rec/bib/conf/sefm/TschannenFNM11},
  bibsource = {dblp computer science bibliography, http://dblp.org}
}

@InProceedings{TSCHANNEN12,
  author    = {Julian Tschannen and
               Carlo Alberto Furia and
               Martin Nordio and
               Bertrand Meyer},
  title     = {Automatic Verification of Advanced Object-Oriented Features: The AutoProof
               Approach},
  booktitle = {Tools for Practical Software Verification, LASER, International Summer
               School 2011, Elba Island, Italy, Revised Tutorial Lectures},
  pages     = {133--155},
  year      = {2011},
  crossref  = {DBLP:conf/laser/2011},
  url       = {http://dx.doi.org/10.1007/978-3-642-35746-6_5},
  doi       = {10.1007/978-3-642-35746-6_5},
  timestamp = {Mon, 02 Dec 2013 12:43:40 +0100},
  biburl    = {http://dblp.uni-trier.de/rec/bib/conf/laser/TschannenFNM11},
  bibsource = {dblp computer science bibliography, http://dblp.org}
}

@InProceedings{TSCHANNEN13,
  author    = {Julian Tschannen and
               Carlo A. Furia and
               Martin Nordio and
               Bertrand Meyer},
  title     = {Program Checking with Less Hassle},
  booktitle = {Verified Software: Theories, Tools, Experiments - 5th International
               Conference, {VSTTE} 2013, Menlo Park, CA, USA, May 17-19, 2013, Revised
               Selected Papers},
  pages     = {149--169},
  year      = {2013},
  crossref  = {DBLP:conf/vstte/2013},
  url       = {http://dx.doi.org/10.1007/978-3-642-54108-7_8},
  doi       = {10.1007/978-3-642-54108-7_8},
  timestamp = {Tue, 21 Jan 2014 14:05:18 +0100},
  biburl    = {http://dblp.uni-trier.de/rec/bib/conf/vstte/TschannenFNM13},
  bibsource = {dblp computer science bibliography, http://dblp.org}
}

@Article{TSCHANNEN14,
  author = {Julian Tschannen and Carlo A. Furia and Martin Nordio},
  title = {{A}uto{P}roof Meets Some Verification Challenges},
  journal = {International Journal on Software Tools for Technology Transfer},
  year = {2014},
  pages = {1--11},
  month = {February},
  publisher = {Springer},
}

@inproceedings{TSCHANNEN15,
  author    = {Julian Tschannen and
               Carlo A. Furia and
               Martin Nordio and
               Nadia Polikarpova},
  title     = {AutoProof: Auto-Active Functional Verification of Object-Oriented
               Programs},
  booktitle = {Tools and Algorithms for the Construction and Analysis of Systems
               - 21st International Conference, {TACAS} 2015, Held as Part of the
               European Joint Conferences on Theory and Practice of Software, {ETAPS}
               2015, London, UK, April 11-18, 2015. Proceedings},
  pages     = {566--580},
  year      = {2015},
  crossref  = {DBLP:conf/tacas/2015},
  url       = {http://dx.doi.org/10.1007/978-3-662-46681-0_53},
  doi       = {10.1007/978-3-662-46681-0_53},
  timestamp = {Wed, 08 Apr 2015 11:31:07 +0200},
  biburl    = {http://dblp.uni-trier.de/rec/bib/conf/tacas/TschannenFNP15},
  bibsource = {dblp computer science bibliography, http://dblp.org}
}

%% U %%

@Misc{UV10,
  key          = {UV10},
  title        = {{Usable Verification Workshop}},
  howpublished = {\url{http://fm.csl.sri.com/UV10/}},
  month        = {November},
  year         = {2010},
}

%% V %%

@misc{VISUALSTUDIO,
  key          = {VisualStudio},
  title        = {{VisualStudio}},
  howpublished = {\url{https://www.visualstudio.com/}},
  year         = {2015}
}

@InProceedings{VSI08,
  author    = {Bruce W. Weide and
               Murali Sitaraman and
               Heather K. Harton and
               Bruce M. Adcock and
               Paolo Bucci and
               Derek Bronish and
               Wayne D. Heym and
               Jason Kirschenbaum and
               David Frazier},
  title     = {Incremental Benchmarks for Software Verification Tools and Techniques},
  booktitle = {Verified Software: Theories, Tools, Experiments, Second International
               Conference, {VSTTE} 2008, Toronto, Canada, October 6-9, 2008. Proceedings},
  pages     = {84--98},
  year      = {2008},
  crossref  = {DBLP:conf/vstte/2008},
  url       = {http://dx.doi.org/10.1007/978-3-540-87873-5_10},
  doi       = {10.1007/978-3-540-87873-5_10},
  timestamp = {Wed, 19 Nov 2008 20:59:30 +0100},
  biburl    = {http://dblp.uni-trier.de/rec/bib/conf/vstte/WeideSHABBHKF08},
  bibsource = {dblp computer science bibliography, http://dblp.org}
}

%% W %%

@article{WASYLKOVSKI11,
  author    = {Andrzej Wasylkowski and
               Andreas Zeller},
  title     = {Mining temporal specifications from object usage},
  journal   = {Autom. Softw. Eng.},
  volume    = {18},
  number    = {3-4},
  pages     = {263--292},
  year      = {2011},
  url       = {http://dx.doi.org/10.1007/s10515-011-0084-1},
  doi       = {10.1007/s10515-011-0084-1},
  timestamp = {Tue, 12 Jul 2011 12:57:02 +0200},
  biburl    = {http://dblp.uni-trier.de/rec/bib/journals/ase/WasylkowskiZ11},
  bibsource = {dblp computer science bibliography, http://dblp.org}
}


@INPROCEEDINGS{WEI10,
  author    = {Yi Wei and
               Serge Gebhardt and
               Bertrand Meyer and
               Manuel Oriol},
  title     = {Satisfying Test Preconditions through Guided Object Selection},
  booktitle = {Third International Conference on Software Testing, Verification and
               Validation, {ICST} 2010, Paris, France, April 7-9, 2010},
  pages     = {303--312},
  year      = {2010},
  crossref  = {DBLP:conf/icst/2010},
  url       = {http://dx.doi.org/10.1109/ICST.2010.34},
  doi       = {10.1109/ICST.2010.34},
  timestamp = {Tue, 05 Aug 2014 16:35:54 +0200},
  biburl    = {http://dblp.uni-trier.de/rec/bib/conf/icst/WeiGMO10},
  bibsource = {dblp computer science bibliography, http://dblp.org}
}

@InProceedings{WEI11,
  author    = {Yi Wei and
               Carlo A. Furia and
               Nikolay Kazmin and
               Bertrand Meyer},
  title     = {Inferring better contracts},
  booktitle = {Proceedings of the 33rd International Conference on Software Engineering,
               {ICSE} 2011, Waikiki, Honolulu , HI, USA, May 21-28, 2011},
  pages     = {191--200},
  year      = {2011},
  crossref  = {DBLP:conf/icse/2011},
  url       = {http://doi.acm.org/10.1145/1985793.1985820},
  doi       = {10.1145/1985793.1985820},
  timestamp = {Sat, 28 Jan 2012 17:07:02 +0100},
  biburl    = {http://dblp.uni-trier.de/rec/bib/conf/icse/WeiFKM11},
  bibsource = {dblp computer science bibliography, http://dblp.org}
}

@inproceedings{WEI12,
  author    = {Yi Wei and
               Bertrand Meyer and
               Manuel Oriol},
  title     = {Is Branch Coverage a Good Measure of Testing Effectiveness?},
  booktitle = {Empirical Software Engineering and Verification - International Summer
               Schools, {LASER} 2008-2010, Elba Island, Italy, Revised Tutorial Lectures},
  pages     = {194--212},
  year      = {2010},
  crossref  = {DBLP:conf/laser/2010},
  url       = {http://dx.doi.org/10.1007/978-3-642-25231-0_5},
  doi       = {10.1007/978-3-642-25231-0_5},
  timestamp = {Mon, 06 Feb 2012 13:20:06 +0100},
  biburl    = {http://dblp.uni-trier.de/rec/bib/conf/laser/WeiMO10},
  bibsource = {dblp computer science bibliography, http://dblp.org}
}

%% X %%

%% Y %%

%% Z %%

@MastersThesis{ZURFLUH14,
    author     =     {Stefan Zurfluh},
    title     =     {{Rule-Based Code Analysis}},
    school     =     {ETH Zurich},
    year     =     {2014},
}
